%YAML 1.1
%TAG !u! tag:unity3d.com,2011:
--- !u!29 &1
OcclusionCullingSettings:
  m_ObjectHideFlags: 0
  serializedVersion: 2
  m_OcclusionBakeSettings:
    smallestOccluder: 5
    smallestHole: 0.25
    backfaceThreshold: 100
  m_SceneGUID: 00000000000000000000000000000000
  m_OcclusionCullingData: {fileID: 0}
--- !u!104 &2
RenderSettings:
  m_ObjectHideFlags: 0
  serializedVersion: 8
  m_Fog: 1
  m_FogColor: {r: 0.5457396, g: 0.6689284, b: 0.7205882, a: 1}
  m_FogMode: 1
  m_FogDensity: 0.05
  m_LinearFogStart: 90
  m_LinearFogEnd: 150
  m_AmbientSkyColor: {r: 0.8170956, g: 0.8627172, b: 0.875, a: 1}
  m_AmbientEquatorColor: {r: 0.8170956, g: 0.8627172, b: 0.875, a: 1}
  m_AmbientGroundColor: {r: 0.8170956, g: 0.8627172, b: 0.875, a: 1}
  m_AmbientIntensity: 1
  m_AmbientMode: 3
  m_SubtractiveShadowColor: {r: 0.42, g: 0.478, b: 0.627, a: 1}
  m_SkyboxMaterial: {fileID: 2100000, guid: 53412155bc1016547b1a77b2333c0380, type: 2}
  m_HaloStrength: 0.5
  m_FlareStrength: 1
  m_FlareFadeSpeed: 3
  m_HaloTexture: {fileID: 0}
  m_SpotCookie: {fileID: 10001, guid: 0000000000000000e000000000000000, type: 0}
  m_DefaultReflectionMode: 0
  m_DefaultReflectionResolution: 128
  m_ReflectionBounces: 1
  m_ReflectionIntensity: 1
  m_CustomReflection: {fileID: 0}
  m_Sun: {fileID: 0}
  m_IndirectSpecularColor: {r: 0, g: 0, b: 0, a: 1}
--- !u!157 &4
LightmapSettings:
  m_ObjectHideFlags: 0
  serializedVersion: 9
  m_GIWorkflowMode: 1
  m_GISettings:
    serializedVersion: 2
    m_BounceScale: 1
    m_IndirectOutputScale: 1
    m_AlbedoBoost: 1
    m_TemporalCoherenceThreshold: 1
    m_EnvironmentLightingMode: 0
    m_EnableBakedLightmaps: 1
    m_EnableRealtimeLightmaps: 0
  m_LightmapEditorSettings:
    serializedVersion: 8
    m_Resolution: 1
    m_BakeResolution: 50
    m_TextureWidth: 1024
    m_TextureHeight: 1024
    m_AO: 1
    m_AOMaxDistance: 1
    m_CompAOExponent: 1
    m_CompAOExponentDirect: 0
    m_Padding: 2
    m_LightmapParameters: {fileID: 0}
    m_LightmapsBakeMode: 1
    m_TextureCompression: 0
    m_FinalGather: 0
    m_FinalGatherFiltering: 1
    m_FinalGatherRayCount: 256
    m_ReflectionCompression: 2
    m_MixedBakeMode: 1
    m_BakeBackend: 0
    m_PVRSampling: 1
    m_PVRDirectSampleCount: 32
    m_PVRSampleCount: 500
    m_PVRBounces: 2
    m_PVRFiltering: 0
    m_PVRFilteringMode: 1
    m_PVRCulling: 1
    m_PVRFilteringGaussRadiusDirect: 1
    m_PVRFilteringGaussRadiusIndirect: 5
    m_PVRFilteringGaussRadiusAO: 2
    m_PVRFilteringAtrousColorSigma: 1
    m_PVRFilteringAtrousNormalSigma: 1
    m_PVRFilteringAtrousPositionSigma: 1
  m_LightingDataAsset: {fileID: 0}
  m_ShadowMaskMode: 2
--- !u!196 &5
NavMeshSettings:
  serializedVersion: 2
  m_ObjectHideFlags: 0
  m_BuildSettings:
    serializedVersion: 2
    agentTypeID: 0
    agentRadius: 0.5
    agentHeight: 2
    agentSlope: 45
    agentClimb: 0.4
    ledgeDropHeight: 0
    maxJumpAcrossDistance: 0
    minRegionArea: 2
    manualCellSize: 0
    cellSize: 0.16666666
    manualTileSize: 0
    tileSize: 256
    accuratePlacement: 0
  m_NavMeshData: {fileID: 0}
--- !u!1001 &62155301
Prefab:
  m_ObjectHideFlags: 0
  serializedVersion: 2
  m_Modification:
    m_TransformParent: {fileID: 1496770970}
    m_Modifications:
    - target: {fileID: 400000, guid: cb453e2bf23037e4a9547b9dcc433aba, type: 3}
      propertyPath: m_LocalPosition.x
      value: 806.280029
      objectReference: {fileID: 0}
    - target: {fileID: 400000, guid: cb453e2bf23037e4a9547b9dcc433aba, type: 3}
      propertyPath: m_LocalPosition.y
      value: .560000002
      objectReference: {fileID: 0}
    - target: {fileID: 400000, guid: cb453e2bf23037e4a9547b9dcc433aba, type: 3}
      propertyPath: m_LocalPosition.z
      value: 1057.05005
      objectReference: {fileID: 0}
    - target: {fileID: 400000, guid: cb453e2bf23037e4a9547b9dcc433aba, type: 3}
      propertyPath: m_LocalRotation.x
      value: -.707106829
      objectReference: {fileID: 0}
    - target: {fileID: 400000, guid: cb453e2bf23037e4a9547b9dcc433aba, type: 3}
      propertyPath: m_LocalRotation.y
      value: 0
      objectReference: {fileID: 0}
    - target: {fileID: 400000, guid: cb453e2bf23037e4a9547b9dcc433aba, type: 3}
      propertyPath: m_LocalRotation.z
      value: -0
      objectReference: {fileID: 0}
    - target: {fileID: 400000, guid: cb453e2bf23037e4a9547b9dcc433aba, type: 3}
      propertyPath: m_LocalRotation.w
      value: .707106829
      objectReference: {fileID: 0}
    - target: {fileID: 400000, guid: cb453e2bf23037e4a9547b9dcc433aba, type: 3}
      propertyPath: m_RootOrder
      value: 7
      objectReference: {fileID: 0}
    - target: {fileID: 100000, guid: cb453e2bf23037e4a9547b9dcc433aba, type: 3}
      propertyPath: m_StaticEditorFlags
      value: 4294967295
      objectReference: {fileID: 0}
    m_RemovedComponents:
    - {fileID: 9500000, guid: cb453e2bf23037e4a9547b9dcc433aba, type: 3}
  m_ParentPrefab: {fileID: 100100000, guid: cb453e2bf23037e4a9547b9dcc433aba, type: 3}
  m_RootGameObject: {fileID: 2143783462}
  m_IsPrefabParent: 0
--- !u!1001 &140711512
Prefab:
  m_ObjectHideFlags: 0
  serializedVersion: 2
  m_Modification:
    m_TransformParent: {fileID: 1496770970}
    m_Modifications:
    - target: {fileID: 400000, guid: cb453e2bf23037e4a9547b9dcc433aba, type: 3}
      propertyPath: m_LocalPosition.x
      value: 806.280029
      objectReference: {fileID: 0}
    - target: {fileID: 400000, guid: cb453e2bf23037e4a9547b9dcc433aba, type: 3}
      propertyPath: m_LocalPosition.y
      value: .560000002
      objectReference: {fileID: 0}
    - target: {fileID: 400000, guid: cb453e2bf23037e4a9547b9dcc433aba, type: 3}
      propertyPath: m_LocalPosition.z
      value: 888.219971
      objectReference: {fileID: 0}
    - target: {fileID: 400000, guid: cb453e2bf23037e4a9547b9dcc433aba, type: 3}
      propertyPath: m_LocalRotation.x
      value: -.707106829
      objectReference: {fileID: 0}
    - target: {fileID: 400000, guid: cb453e2bf23037e4a9547b9dcc433aba, type: 3}
      propertyPath: m_LocalRotation.y
      value: 0
      objectReference: {fileID: 0}
    - target: {fileID: 400000, guid: cb453e2bf23037e4a9547b9dcc433aba, type: 3}
      propertyPath: m_LocalRotation.z
      value: -0
      objectReference: {fileID: 0}
    - target: {fileID: 400000, guid: cb453e2bf23037e4a9547b9dcc433aba, type: 3}
      propertyPath: m_LocalRotation.w
      value: .707106829
      objectReference: {fileID: 0}
    - target: {fileID: 400000, guid: cb453e2bf23037e4a9547b9dcc433aba, type: 3}
      propertyPath: m_RootOrder
      value: 3
      objectReference: {fileID: 0}
    - target: {fileID: 100000, guid: cb453e2bf23037e4a9547b9dcc433aba, type: 3}
      propertyPath: m_StaticEditorFlags
      value: 4294967295
      objectReference: {fileID: 0}
    m_RemovedComponents:
    - {fileID: 9500000, guid: cb453e2bf23037e4a9547b9dcc433aba, type: 3}
  m_ParentPrefab: {fileID: 100100000, guid: cb453e2bf23037e4a9547b9dcc433aba, type: 3}
  m_RootGameObject: {fileID: 1198049286}
  m_IsPrefabParent: 0
--- !u!1 &173453215
GameObject:
  m_ObjectHideFlags: 0
  m_PrefabParentObject: {fileID: 100000, guid: cb453e2bf23037e4a9547b9dcc433aba, type: 3}
  m_PrefabInternal: {fileID: 1790776357}
  serializedVersion: 5
  m_Component:
  - component: {fileID: 173453218}
  - component: {fileID: 173453217}
  - component: {fileID: 173453216}
  m_Layer: 0
  m_Name: demo_rails
  m_TagString: Untagged
  m_Icon: {fileID: 0}
  m_NavMeshLayer: 0
  m_StaticEditorFlags: 4294967295
  m_IsActive: 1
--- !u!23 &173453216
MeshRenderer:
  m_ObjectHideFlags: 0
  m_PrefabParentObject: {fileID: 2300000, guid: cb453e2bf23037e4a9547b9dcc433aba,
    type: 3}
  m_PrefabInternal: {fileID: 1790776357}
  m_GameObject: {fileID: 173453215}
  m_Enabled: 1
  m_CastShadows: 1
  m_ReceiveShadows: 1
  m_MotionVectors: 1
  m_LightProbeUsage: 1
  m_ReflectionProbeUsage: 1
  m_Materials:
  - {fileID: 2100000, guid: 5b77408e2a6da00428a263df974d29dc, type: 2}
  m_StaticBatchInfo:
    firstSubMesh: 0
    subMeshCount: 0
  m_StaticBatchRoot: {fileID: 0}
  m_ProbeAnchor: {fileID: 0}
  m_LightProbeVolumeOverride: {fileID: 0}
  m_ScaleInLightmap: 1
  m_PreserveUVs: 0
  m_IgnoreNormalsForChartDetection: 0
  m_ImportantGI: 0
  m_SelectedEditorRenderState: 3
  m_MinimumChartSize: 4
  m_AutoUVMaxDistance: 0.5
  m_AutoUVMaxAngle: 89
  m_LightmapParameters: {fileID: 0}
  m_SortingLayerID: 0
  m_SortingLayer: 0
  m_SortingOrder: 0
--- !u!33 &173453217
MeshFilter:
  m_ObjectHideFlags: 0
  m_PrefabParentObject: {fileID: 3300000, guid: cb453e2bf23037e4a9547b9dcc433aba,
    type: 3}
  m_PrefabInternal: {fileID: 1790776357}
  m_GameObject: {fileID: 173453215}
  m_Mesh: {fileID: 4300000, guid: cb453e2bf23037e4a9547b9dcc433aba, type: 3}
--- !u!4 &173453218
Transform:
  m_ObjectHideFlags: 0
  m_PrefabParentObject: {fileID: 400000, guid: cb453e2bf23037e4a9547b9dcc433aba, type: 3}
  m_PrefabInternal: {fileID: 1790776357}
  m_GameObject: {fileID: 173453215}
  m_LocalRotation: {x: -0.7071068, y: 0, z: -0, w: 0.7071068}
  m_LocalPosition: {x: 806.28, y: 0.56, z: 1099.25}
  m_LocalScale: {x: 1, y: 1, z: 1}
  m_Children: []
  m_Father: {fileID: 1496770970}
  m_RootOrder: 8
  m_LocalEulerAnglesHint: {x: 0, y: 0, z: 0}
--- !u!1 &284379639
GameObject:
  m_ObjectHideFlags: 0
  m_PrefabParentObject: {fileID: 100000, guid: 8e41f14c6552d48e6a7992aaecc808e4, type: 3}
  m_PrefabInternal: {fileID: 1628611142}
  serializedVersion: 5
  m_Component:
  - component: {fileID: 284379642}
  - component: {fileID: 284379641}
  - component: {fileID: 284379640}
  m_Layer: 0
  m_Name: RockMesh
  m_TagString: Untagged
  m_Icon: {fileID: 0}
  m_NavMeshLayer: 0
  m_StaticEditorFlags: 4294967295
  m_IsActive: 1
--- !u!23 &284379640
MeshRenderer:
  m_ObjectHideFlags: 0
  m_PrefabParentObject: {fileID: 2300000, guid: 8e41f14c6552d48e6a7992aaecc808e4,
    type: 3}
  m_PrefabInternal: {fileID: 1628611142}
  m_GameObject: {fileID: 284379639}
  m_Enabled: 1
  m_CastShadows: 1
  m_ReceiveShadows: 1
  m_MotionVectors: 1
  m_LightProbeUsage: 1
  m_ReflectionProbeUsage: 1
  m_Materials:
  - {fileID: 2100000, guid: 8af33a4120ac4486ba927ecb5d9bb635, type: 2}
  m_StaticBatchInfo:
    firstSubMesh: 0
    subMeshCount: 0
  m_StaticBatchRoot: {fileID: 0}
  m_ProbeAnchor: {fileID: 0}
  m_LightProbeVolumeOverride: {fileID: 0}
  m_ScaleInLightmap: 1
  m_PreserveUVs: 0
  m_IgnoreNormalsForChartDetection: 0
  m_ImportantGI: 0
  m_SelectedEditorRenderState: 3
  m_MinimumChartSize: 4
  m_AutoUVMaxDistance: 0.5
  m_AutoUVMaxAngle: 89
  m_LightmapParameters: {fileID: 0}
  m_SortingLayerID: 0
  m_SortingLayer: 0
  m_SortingOrder: 0
--- !u!33 &284379641
MeshFilter:
  m_ObjectHideFlags: 0
  m_PrefabParentObject: {fileID: 3300000, guid: 8e41f14c6552d48e6a7992aaecc808e4,
    type: 3}
  m_PrefabInternal: {fileID: 1628611142}
  m_GameObject: {fileID: 284379639}
  m_Mesh: {fileID: 4300000, guid: 8e41f14c6552d48e6a7992aaecc808e4, type: 3}
--- !u!4 &284379642
Transform:
  m_ObjectHideFlags: 0
  m_PrefabParentObject: {fileID: 400000, guid: 8e41f14c6552d48e6a7992aaecc808e4, type: 3}
  m_PrefabInternal: {fileID: 1628611142}
  m_GameObject: {fileID: 284379639}
  m_LocalRotation: {x: 0, y: -0, z: 0, w: 1}
  m_LocalPosition: {x: 815.9, y: 0.41, z: 1008.92}
  m_LocalScale: {x: 1, y: 1, z: 1}
  m_Children: []
  m_Father: {fileID: 1496770970}
  m_RootOrder: 11
  m_LocalEulerAnglesHint: {x: 0, y: 0, z: 0}
--- !u!1 &299539250
GameObject:
  m_ObjectHideFlags: 0
  m_PrefabParentObject: {fileID: 100000, guid: cb453e2bf23037e4a9547b9dcc433aba, type: 3}
  m_PrefabInternal: {fileID: 1909697522}
  serializedVersion: 5
  m_Component:
  - component: {fileID: 299539253}
  - component: {fileID: 299539252}
  - component: {fileID: 299539251}
  m_Layer: 0
  m_Name: demo_rails
  m_TagString: Untagged
  m_Icon: {fileID: 0}
  m_NavMeshLayer: 0
  m_StaticEditorFlags: 4294967295
  m_IsActive: 1
--- !u!23 &299539251
MeshRenderer:
  m_ObjectHideFlags: 0
  m_PrefabParentObject: {fileID: 2300000, guid: cb453e2bf23037e4a9547b9dcc433aba,
    type: 3}
  m_PrefabInternal: {fileID: 1909697522}
  m_GameObject: {fileID: 299539250}
  m_Enabled: 1
  m_CastShadows: 1
  m_ReceiveShadows: 1
  m_MotionVectors: 1
  m_LightProbeUsage: 1
  m_ReflectionProbeUsage: 1
  m_Materials:
  - {fileID: 2100000, guid: 5b77408e2a6da00428a263df974d29dc, type: 2}
  m_StaticBatchInfo:
    firstSubMesh: 0
    subMeshCount: 0
  m_StaticBatchRoot: {fileID: 0}
  m_ProbeAnchor: {fileID: 0}
  m_LightProbeVolumeOverride: {fileID: 0}
  m_ScaleInLightmap: 1
  m_PreserveUVs: 0
  m_IgnoreNormalsForChartDetection: 0
  m_ImportantGI: 0
  m_SelectedEditorRenderState: 3
  m_MinimumChartSize: 4
  m_AutoUVMaxDistance: 0.5
  m_AutoUVMaxAngle: 89
  m_LightmapParameters: {fileID: 0}
  m_SortingLayerID: 0
  m_SortingLayer: 0
  m_SortingOrder: 0
--- !u!33 &299539252
MeshFilter:
  m_ObjectHideFlags: 0
  m_PrefabParentObject: {fileID: 3300000, guid: cb453e2bf23037e4a9547b9dcc433aba,
    type: 3}
  m_PrefabInternal: {fileID: 1909697522}
  m_GameObject: {fileID: 299539250}
  m_Mesh: {fileID: 4300000, guid: cb453e2bf23037e4a9547b9dcc433aba, type: 3}
--- !u!4 &299539253
Transform:
  m_ObjectHideFlags: 0
  m_PrefabParentObject: {fileID: 400000, guid: cb453e2bf23037e4a9547b9dcc433aba, type: 3}
  m_PrefabInternal: {fileID: 1909697522}
  m_GameObject: {fileID: 299539250}
  m_LocalRotation: {x: -0.7071068, y: 0, z: -0, w: 0.7071068}
  m_LocalPosition: {x: 806.28, y: 0.56, z: 930.43}
  m_LocalScale: {x: 1, y: 1, z: 1}
  m_Children: []
  m_Father: {fileID: 1496770970}
  m_RootOrder: 2
  m_LocalEulerAnglesHint: {x: 0, y: 0, z: 0}
--- !u!1 &312883281
GameObject:
  m_ObjectHideFlags: 0
  m_PrefabParentObject: {fileID: 100000, guid: cb453e2bf23037e4a9547b9dcc433aba, type: 3}
  m_PrefabInternal: {fileID: 936243332}
  serializedVersion: 5
  m_Component:
  - component: {fileID: 312883284}
  - component: {fileID: 312883283}
  - component: {fileID: 312883282}
  m_Layer: 0
  m_Name: demo_rails
  m_TagString: Untagged
  m_Icon: {fileID: 0}
  m_NavMeshLayer: 0
  m_StaticEditorFlags: 4294967295
  m_IsActive: 1
--- !u!23 &312883282
MeshRenderer:
  m_ObjectHideFlags: 0
  m_PrefabParentObject: {fileID: 2300000, guid: cb453e2bf23037e4a9547b9dcc433aba,
    type: 3}
  m_PrefabInternal: {fileID: 936243332}
  m_GameObject: {fileID: 312883281}
  m_Enabled: 1
  m_CastShadows: 1
  m_ReceiveShadows: 1
  m_MotionVectors: 1
  m_LightProbeUsage: 1
  m_ReflectionProbeUsage: 1
  m_Materials:
  - {fileID: 2100000, guid: 5b77408e2a6da00428a263df974d29dc, type: 2}
  m_StaticBatchInfo:
    firstSubMesh: 0
    subMeshCount: 0
  m_StaticBatchRoot: {fileID: 0}
  m_ProbeAnchor: {fileID: 0}
  m_LightProbeVolumeOverride: {fileID: 0}
  m_ScaleInLightmap: 1
  m_PreserveUVs: 0
  m_IgnoreNormalsForChartDetection: 0
  m_ImportantGI: 0
  m_SelectedEditorRenderState: 3
  m_MinimumChartSize: 4
  m_AutoUVMaxDistance: 0.5
  m_AutoUVMaxAngle: 89
  m_LightmapParameters: {fileID: 0}
  m_SortingLayerID: 0
  m_SortingLayer: 0
  m_SortingOrder: 0
--- !u!33 &312883283
MeshFilter:
  m_ObjectHideFlags: 0
  m_PrefabParentObject: {fileID: 3300000, guid: cb453e2bf23037e4a9547b9dcc433aba,
    type: 3}
  m_PrefabInternal: {fileID: 936243332}
  m_GameObject: {fileID: 312883281}
  m_Mesh: {fileID: 4300000, guid: cb453e2bf23037e4a9547b9dcc433aba, type: 3}
--- !u!4 &312883284
Transform:
  m_ObjectHideFlags: 0
  m_PrefabParentObject: {fileID: 400000, guid: cb453e2bf23037e4a9547b9dcc433aba, type: 3}
  m_PrefabInternal: {fileID: 936243332}
  m_GameObject: {fileID: 312883281}
  m_LocalRotation: {x: -0.7071068, y: 0, z: -0, w: 0.7071068}
  m_LocalPosition: {x: 806.28, y: 0.56, z: 972.64}
  m_LocalScale: {x: 1, y: 1, z: 1}
  m_Children: []
  m_Father: {fileID: 1496770970}
  m_RootOrder: 1
  m_LocalEulerAnglesHint: {x: 0, y: 0, z: 0}
--- !u!1 &378376484
GameObject:
  m_ObjectHideFlags: 0
  m_PrefabParentObject: {fileID: 0}
  m_PrefabInternal: {fileID: 0}
  serializedVersion: 5
  m_Component:
  - component: {fileID: 378376486}
  - component: {fileID: 378376485}
  - component: {fileID: 378376487}
  m_Layer: 0
  m_Name: sun
  m_TagString: Untagged
  m_Icon: {fileID: 0}
  m_NavMeshLayer: 0
  m_StaticEditorFlags: 0
  m_IsActive: 1
--- !u!108 &378376485
Light:
  m_ObjectHideFlags: 0
  m_PrefabParentObject: {fileID: 0}
  m_PrefabInternal: {fileID: 0}
  m_GameObject: {fileID: 378376484}
  m_Enabled: 1
  serializedVersion: 8
  m_Type: 1
  m_Color: {r: 0.92895836, g: 0.9411765, b: 0.71972317, a: 1}
  m_Intensity: 2
  m_Range: 10
  m_SpotAngle: 30
  m_CookieSize: 10
  m_Shadows:
    m_Type: 2
    m_Resolution: 3
    m_CustomResolution: -1
    m_Strength: 1
    m_Bias: 0.05
    m_NormalBias: 0.4
    m_NearPlane: 0.2
  m_Cookie: {fileID: 0}
  m_DrawHalo: 0
  m_Flare: {fileID: 0}
  m_RenderMode: 0
  m_CullingMask:
    serializedVersion: 2
    m_Bits: 4294967295
  m_Lightmapping: 1
  m_AreaSize: {x: 1, y: 1}
  m_BounceIntensity: 1
  m_ColorTemperature: 6570
  m_UseColorTemperature: 0
  m_ShadowRadius: 0
  m_ShadowAngle: 0
--- !u!4 &378376486
Transform:
  m_ObjectHideFlags: 0
  m_PrefabParentObject: {fileID: 0}
  m_PrefabInternal: {fileID: 0}
  m_GameObject: {fileID: 378376484}
  m_LocalRotation: {x: 0.25841963, y: -0.46556404, z: 0.3419629, w: 0.77429384}
  m_LocalPosition: {x: -407, y: 2002, z: 121}
  m_LocalScale: {x: 1, y: 1, z: 1}
  m_Children: []
  m_Father: {fileID: 0}
  m_RootOrder: 2
  m_LocalEulerAnglesHint: {x: 0, y: 0, z: 0}
--- !u!123 &378376487
LensFlare:
  m_ObjectHideFlags: 0
  m_PrefabParentObject: {fileID: 0}
  m_PrefabInternal: {fileID: 0}
  m_GameObject: {fileID: 378376484}
  m_Enabled: 1
  m_Flare: {fileID: 12100000, guid: 54fbbf098d116effa00081aba8ad6659, type: 2}
  m_Color: {r: 1, g: 1, b: 1, a: 0}
  m_Brightness: 1
  m_FadeSpeed: 3
  m_IgnoreLayers:
    serializedVersion: 2
    m_Bits: 6
  m_Directional: 1
--- !u!1 &500104868
GameObject:
  m_ObjectHideFlags: 0
  m_PrefabParentObject: {fileID: 100002, guid: 9d4133d5d30b644bd87802a347eaccbe, type: 2}
  m_PrefabInternal: {fileID: 959670967}
  serializedVersion: 5
  m_Component:
  - component: {fileID: 500104869}
  - component: {fileID: 500104873}
  - component: {fileID: 500104872}
  - component: {fileID: 500104871}
  - component: {fileID: 500104870}
  m_Layer: 0
  m_Name: First Person Controller
  m_TagString: Untagged
  m_Icon: {fileID: 0}
  m_NavMeshLayer: 0
  m_StaticEditorFlags: 0
  m_IsActive: 1
--- !u!4 &500104869
Transform:
  m_ObjectHideFlags: 0
  m_PrefabParentObject: {fileID: 400002, guid: 9d4133d5d30b644bd87802a347eaccbe, type: 2}
  m_PrefabInternal: {fileID: 959670967}
  m_GameObject: {fileID: 500104868}
  m_LocalRotation: {x: 0, y: 0.8874135, z: 0, w: -0.46097428}
  m_LocalPosition: {x: 837.84, y: 8, z: 993.36}
  m_LocalScale: {x: 1, y: 1, z: 1}
  m_Children:
  - {fileID: 1908817874}
  - {fileID: 1739610056}
  m_Father: {fileID: 0}
  m_RootOrder: 0
  m_LocalEulerAnglesHint: {x: 0, y: 0, z: 0}
--- !u!114 &500104870
MonoBehaviour:
  m_ObjectHideFlags: 0
  m_PrefabParentObject: {fileID: 11400004, guid: 9d4133d5d30b644bd87802a347eaccbe,
    type: 2}
  m_PrefabInternal: {fileID: 959670967}
  m_GameObject: {fileID: 500104868}
  m_Enabled: 1
  m_EditorHideFlags: 0
  m_Script: {fileID: 11500000, guid: 60bca8f58a0b8478e946e6e86658cb29, type: 3}
  m_Name: 
  m_EditorClassIdentifier: 
--- !u!114 &500104871
MonoBehaviour:
  m_ObjectHideFlags: 0
  m_PrefabParentObject: {fileID: 11400002, guid: 9d4133d5d30b644bd87802a347eaccbe,
    type: 2}
  m_PrefabInternal: {fileID: 959670967}
  m_GameObject: {fileID: 500104868}
  m_Enabled: 1
  m_EditorHideFlags: 0
  m_Script: {fileID: 11500000, guid: 0ab79d7f243824f5d9826bd83522c8df, type: 3}
  m_Name: 
  m_EditorClassIdentifier: 
  canControl: 1
  useFixedUpdate: 1
  movement:
    maxForwardSpeed: 6
    maxSidewaysSpeed: 6
    maxBackwardsSpeed: 6
    slopeSpeedMultiplier:
      serializedVersion: 2
      m_Curve:
      - serializedVersion: 2
        time: -90
        value: 1
        inSlope: 0
        outSlope: 0
        tangentMode: 0
      - serializedVersion: 2
        time: 0
        value: 1
        inSlope: 0
        outSlope: 0
        tangentMode: 0
      - serializedVersion: 2
        time: 90
        value: 0
        inSlope: 0
        outSlope: 0
        tangentMode: 0
      m_PreInfinity: 2
      m_PostInfinity: 2
      m_RotationOrder: 4
    maxGroundAcceleration: 20
    maxAirAcceleration: 15
    gravity: 20
    maxFallSpeed: 20
  jumping:
    enabled: 1
    baseHeight: 1
    extraHeight: 1
    perpAmount: 0
    steepPerpAmount: 0.5
  movingPlatform:
    enabled: 1
    movementTransfer: 2
  sliding:
    enabled: 1
    slidingSpeed: 10
    sidewaysControl: 1
    speedControl: 0.4
--- !u!114 &500104872
MonoBehaviour:
  m_ObjectHideFlags: 0
  m_PrefabParentObject: {fileID: 11400000, guid: 9d4133d5d30b644bd87802a347eaccbe,
    type: 2}
  m_PrefabInternal: {fileID: 959670967}
  m_GameObject: {fileID: 500104868}
  m_Enabled: 1
  m_EditorHideFlags: 0
  m_Script: {fileID: 11500000, guid: 68ec2fe99d1108b9d0006a298d76c639, type: 3}
  m_Name: 
  m_EditorClassIdentifier: 
  axes: 1
  sensitivityX: 1
  sensitivityY: 0
  minimumX: -360
  maximumX: 360
  minimumY: 0
  maximumY: 0
--- !u!143 &500104873
CharacterController:
  m_ObjectHideFlags: 0
  m_PrefabParentObject: {fileID: 14300000, guid: 9d4133d5d30b644bd87802a347eaccbe,
    type: 2}
  m_PrefabInternal: {fileID: 959670967}
  m_GameObject: {fileID: 500104868}
  m_Material: {fileID: 0}
  m_IsTrigger: 0
  m_Enabled: 1
  serializedVersion: 2
  m_Height: 4
  m_Radius: 0.6
  m_SlopeLimit: 45
  m_StepOffset: 0.4
  m_SkinWidth: 0.05
  m_MinMoveDistance: 0
  m_Center: {x: 0, y: 0, z: 0}
--- !u!1 &501705305
GameObject:
  m_ObjectHideFlags: 0
  m_PrefabParentObject: {fileID: 100000, guid: cb453e2bf23037e4a9547b9dcc433aba, type: 3}
  m_PrefabInternal: {fileID: 1538298062}
  serializedVersion: 5
  m_Component:
  - component: {fileID: 501705308}
  - component: {fileID: 501705307}
  - component: {fileID: 501705306}
  m_Layer: 0
  m_Name: demo_rails
  m_TagString: Untagged
  m_Icon: {fileID: 0}
  m_NavMeshLayer: 0
  m_StaticEditorFlags: 4294967295
  m_IsActive: 1
--- !u!23 &501705306
MeshRenderer:
  m_ObjectHideFlags: 0
  m_PrefabParentObject: {fileID: 2300000, guid: cb453e2bf23037e4a9547b9dcc433aba,
    type: 3}
  m_PrefabInternal: {fileID: 1538298062}
  m_GameObject: {fileID: 501705305}
  m_Enabled: 1
  m_CastShadows: 1
  m_ReceiveShadows: 1
  m_MotionVectors: 1
  m_LightProbeUsage: 1
  m_ReflectionProbeUsage: 1
  m_Materials:
  - {fileID: 2100000, guid: 5b77408e2a6da00428a263df974d29dc, type: 2}
  m_StaticBatchInfo:
    firstSubMesh: 0
    subMeshCount: 0
  m_StaticBatchRoot: {fileID: 0}
  m_ProbeAnchor: {fileID: 0}
  m_LightProbeVolumeOverride: {fileID: 0}
  m_ScaleInLightmap: 1
  m_PreserveUVs: 0
  m_IgnoreNormalsForChartDetection: 0
  m_ImportantGI: 0
  m_SelectedEditorRenderState: 3
  m_MinimumChartSize: 4
  m_AutoUVMaxDistance: 0.5
  m_AutoUVMaxAngle: 89
  m_LightmapParameters: {fileID: 0}
  m_SortingLayerID: 0
  m_SortingLayer: 0
  m_SortingOrder: 0
--- !u!33 &501705307
MeshFilter:
  m_ObjectHideFlags: 0
  m_PrefabParentObject: {fileID: 3300000, guid: cb453e2bf23037e4a9547b9dcc433aba,
    type: 3}
  m_PrefabInternal: {fileID: 1538298062}
  m_GameObject: {fileID: 501705305}
  m_Mesh: {fileID: 4300000, guid: cb453e2bf23037e4a9547b9dcc433aba, type: 3}
--- !u!4 &501705308
Transform:
  m_ObjectHideFlags: 0
  m_PrefabParentObject: {fileID: 400000, guid: cb453e2bf23037e4a9547b9dcc433aba, type: 3}
  m_PrefabInternal: {fileID: 1538298062}
  m_GameObject: {fileID: 501705305}
  m_LocalRotation: {x: -0.7071068, y: 0, z: -0, w: 0.7071068}
  m_LocalPosition: {x: 806.28, y: 0.56, z: 846.01}
  m_LocalScale: {x: 1, y: 1, z: 1}
  m_Children: []
  m_Father: {fileID: 1496770970}
  m_RootOrder: 4
  m_LocalEulerAnglesHint: {x: 0, y: 0, z: 0}
--- !u!1 &536435135
GameObject:
  m_ObjectHideFlags: 0
  m_PrefabParentObject: {fileID: 100000, guid: cb453e2bf23037e4a9547b9dcc433aba, type: 3}
  m_PrefabInternal: {fileID: 566507968}
  serializedVersion: 5
  m_Component:
  - component: {fileID: 536435138}
  - component: {fileID: 536435137}
  - component: {fileID: 536435136}
  m_Layer: 0
  m_Name: demo_rails
  m_TagString: Untagged
  m_Icon: {fileID: 0}
  m_NavMeshLayer: 0
  m_StaticEditorFlags: 4294967295
  m_IsActive: 1
--- !u!23 &536435136
MeshRenderer:
  m_ObjectHideFlags: 0
  m_PrefabParentObject: {fileID: 2300000, guid: cb453e2bf23037e4a9547b9dcc433aba,
    type: 3}
  m_PrefabInternal: {fileID: 566507968}
  m_GameObject: {fileID: 536435135}
  m_Enabled: 1
  m_CastShadows: 1
  m_ReceiveShadows: 1
  m_MotionVectors: 1
  m_LightProbeUsage: 1
  m_ReflectionProbeUsage: 1
  m_Materials:
  - {fileID: 2100000, guid: 5b77408e2a6da00428a263df974d29dc, type: 2}
  m_StaticBatchInfo:
    firstSubMesh: 0
    subMeshCount: 0
  m_StaticBatchRoot: {fileID: 0}
  m_ProbeAnchor: {fileID: 0}
  m_LightProbeVolumeOverride: {fileID: 0}
  m_ScaleInLightmap: 1
  m_PreserveUVs: 0
  m_IgnoreNormalsForChartDetection: 0
  m_ImportantGI: 0
  m_SelectedEditorRenderState: 3
  m_MinimumChartSize: 4
  m_AutoUVMaxDistance: 0.5
  m_AutoUVMaxAngle: 89
  m_LightmapParameters: {fileID: 0}
  m_SortingLayerID: 0
  m_SortingLayer: 0
  m_SortingOrder: 0
--- !u!33 &536435137
MeshFilter:
  m_ObjectHideFlags: 0
  m_PrefabParentObject: {fileID: 3300000, guid: cb453e2bf23037e4a9547b9dcc433aba,
    type: 3}
  m_PrefabInternal: {fileID: 566507968}
  m_GameObject: {fileID: 536435135}
  m_Mesh: {fileID: 4300000, guid: cb453e2bf23037e4a9547b9dcc433aba, type: 3}
--- !u!4 &536435138
Transform:
  m_ObjectHideFlags: 0
  m_PrefabParentObject: {fileID: 400000, guid: cb453e2bf23037e4a9547b9dcc433aba, type: 3}
  m_PrefabInternal: {fileID: 566507968}
  m_GameObject: {fileID: 536435135}
  m_LocalRotation: {x: -0.7071068, y: 0, z: -0, w: 0.7071068}
  m_LocalPosition: {x: 806.28, y: 0.56, z: 1014.85}
  m_LocalScale: {x: 1, y: 1, z: 1}
  m_Children: []
  m_Father: {fileID: 1496770970}
  m_RootOrder: 6
  m_LocalEulerAnglesHint: {x: 0, y: 0, z: 0}
--- !u!1001 &566507968
Prefab:
  m_ObjectHideFlags: 0
  serializedVersion: 2
  m_Modification:
    m_TransformParent: {fileID: 1496770970}
    m_Modifications:
    - target: {fileID: 400000, guid: cb453e2bf23037e4a9547b9dcc433aba, type: 3}
      propertyPath: m_LocalPosition.x
      value: 806.280029
      objectReference: {fileID: 0}
    - target: {fileID: 400000, guid: cb453e2bf23037e4a9547b9dcc433aba, type: 3}
      propertyPath: m_LocalPosition.y
      value: .560000002
      objectReference: {fileID: 0}
    - target: {fileID: 400000, guid: cb453e2bf23037e4a9547b9dcc433aba, type: 3}
      propertyPath: m_LocalPosition.z
      value: 1014.84998
      objectReference: {fileID: 0}
    - target: {fileID: 400000, guid: cb453e2bf23037e4a9547b9dcc433aba, type: 3}
      propertyPath: m_LocalRotation.x
      value: -.707106829
      objectReference: {fileID: 0}
    - target: {fileID: 400000, guid: cb453e2bf23037e4a9547b9dcc433aba, type: 3}
      propertyPath: m_LocalRotation.y
      value: 0
      objectReference: {fileID: 0}
    - target: {fileID: 400000, guid: cb453e2bf23037e4a9547b9dcc433aba, type: 3}
      propertyPath: m_LocalRotation.z
      value: -0
      objectReference: {fileID: 0}
    - target: {fileID: 400000, guid: cb453e2bf23037e4a9547b9dcc433aba, type: 3}
      propertyPath: m_LocalRotation.w
      value: .707106829
      objectReference: {fileID: 0}
    - target: {fileID: 400000, guid: cb453e2bf23037e4a9547b9dcc433aba, type: 3}
      propertyPath: m_RootOrder
      value: 6
      objectReference: {fileID: 0}
    - target: {fileID: 100000, guid: cb453e2bf23037e4a9547b9dcc433aba, type: 3}
      propertyPath: m_StaticEditorFlags
      value: 4294967295
      objectReference: {fileID: 0}
    m_RemovedComponents:
    - {fileID: 9500000, guid: cb453e2bf23037e4a9547b9dcc433aba, type: 3}
  m_ParentPrefab: {fileID: 100100000, guid: cb453e2bf23037e4a9547b9dcc433aba, type: 3}
  m_RootGameObject: {fileID: 536435135}
  m_IsPrefabParent: 0
--- !u!1 &642242039
GameObject:
  m_ObjectHideFlags: 0
  m_PrefabParentObject: {fileID: 100000, guid: cb453e2bf23037e4a9547b9dcc433aba, type: 3}
  m_PrefabInternal: {fileID: 1376905095}
  serializedVersion: 5
  m_Component:
  - component: {fileID: 642242042}
  - component: {fileID: 642242041}
  - component: {fileID: 642242040}
  m_Layer: 0
  m_Name: demo_rails
  m_TagString: Untagged
  m_Icon: {fileID: 0}
  m_NavMeshLayer: 0
  m_StaticEditorFlags: 4294967295
  m_IsActive: 1
--- !u!23 &642242040
MeshRenderer:
  m_ObjectHideFlags: 0
  m_PrefabParentObject: {fileID: 2300000, guid: cb453e2bf23037e4a9547b9dcc433aba,
    type: 3}
  m_PrefabInternal: {fileID: 1376905095}
  m_GameObject: {fileID: 642242039}
  m_Enabled: 1
  m_CastShadows: 1
  m_ReceiveShadows: 1
  m_MotionVectors: 1
  m_LightProbeUsage: 1
  m_ReflectionProbeUsage: 1
  m_Materials:
  - {fileID: 2100000, guid: 5b77408e2a6da00428a263df974d29dc, type: 2}
  m_StaticBatchInfo:
    firstSubMesh: 0
    subMeshCount: 0
  m_StaticBatchRoot: {fileID: 0}
  m_ProbeAnchor: {fileID: 0}
  m_LightProbeVolumeOverride: {fileID: 0}
  m_ScaleInLightmap: 1
  m_PreserveUVs: 0
  m_IgnoreNormalsForChartDetection: 0
  m_ImportantGI: 0
  m_SelectedEditorRenderState: 3
  m_MinimumChartSize: 4
  m_AutoUVMaxDistance: 0.5
  m_AutoUVMaxAngle: 89
  m_LightmapParameters: {fileID: 0}
  m_SortingLayerID: 0
  m_SortingLayer: 0
  m_SortingOrder: 0
--- !u!33 &642242041
MeshFilter:
  m_ObjectHideFlags: 0
  m_PrefabParentObject: {fileID: 3300000, guid: cb453e2bf23037e4a9547b9dcc433aba,
    type: 3}
  m_PrefabInternal: {fileID: 1376905095}
  m_GameObject: {fileID: 642242039}
  m_Mesh: {fileID: 4300000, guid: cb453e2bf23037e4a9547b9dcc433aba, type: 3}
--- !u!4 &642242042
Transform:
  m_ObjectHideFlags: 0
  m_PrefabParentObject: {fileID: 400000, guid: cb453e2bf23037e4a9547b9dcc433aba, type: 3}
  m_PrefabInternal: {fileID: 1376905095}
  m_GameObject: {fileID: 642242039}
  m_LocalRotation: {x: -0.7071068, y: 0, z: -0, w: 0.7071068}
  m_LocalPosition: {x: 806.28, y: 0.56, z: 803.8}
  m_LocalScale: {x: 1, y: 1, z: 1}
  m_Children: []
  m_Father: {fileID: 1496770970}
  m_RootOrder: 5
  m_LocalEulerAnglesHint: {x: 0, y: 0, z: 0}
--- !u!1001 &652570385
Prefab:
  m_ObjectHideFlags: 0
  serializedVersion: 2
  m_Modification:
    m_TransformParent: {fileID: 1496770970}
    m_Modifications:
    - target: {fileID: 400000, guid: 8e41f14c6552d48e6a7992aaecc808e4, type: 3}
      propertyPath: m_LocalPosition.x
      value: 791.940002
      objectReference: {fileID: 0}
    - target: {fileID: 400000, guid: 8e41f14c6552d48e6a7992aaecc808e4, type: 3}
      propertyPath: m_LocalPosition.y
      value: .310000002
      objectReference: {fileID: 0}
    - target: {fileID: 400000, guid: 8e41f14c6552d48e6a7992aaecc808e4, type: 3}
      propertyPath: m_LocalPosition.z
      value: 987.619995
      objectReference: {fileID: 0}
    - target: {fileID: 400000, guid: 8e41f14c6552d48e6a7992aaecc808e4, type: 3}
      propertyPath: m_LocalRotation.x
      value: 0
      objectReference: {fileID: 0}
    - target: {fileID: 400000, guid: 8e41f14c6552d48e6a7992aaecc808e4, type: 3}
      propertyPath: m_LocalRotation.y
      value: -0
      objectReference: {fileID: 0}
    - target: {fileID: 400000, guid: 8e41f14c6552d48e6a7992aaecc808e4, type: 3}
      propertyPath: m_LocalRotation.z
      value: 0
      objectReference: {fileID: 0}
    - target: {fileID: 400000, guid: 8e41f14c6552d48e6a7992aaecc808e4, type: 3}
      propertyPath: m_LocalRotation.w
      value: 1
      objectReference: {fileID: 0}
    - target: {fileID: 400000, guid: 8e41f14c6552d48e6a7992aaecc808e4, type: 3}
      propertyPath: m_RootOrder
      value: 0
      objectReference: {fileID: 0}
    - target: {fileID: 100000, guid: 8e41f14c6552d48e6a7992aaecc808e4, type: 3}
      propertyPath: m_StaticEditorFlags
      value: 4294967295
      objectReference: {fileID: 0}
    m_RemovedComponents:
    - {fileID: 11100000, guid: 8e41f14c6552d48e6a7992aaecc808e4, type: 3}
  m_ParentPrefab: {fileID: 100100000, guid: 8e41f14c6552d48e6a7992aaecc808e4, type: 3}
  m_RootGameObject: {fileID: 745643065}
  m_IsPrefabParent: 0
--- !u!1 &745643065
GameObject:
  m_ObjectHideFlags: 0
  m_PrefabParentObject: {fileID: 100000, guid: 8e41f14c6552d48e6a7992aaecc808e4, type: 3}
  m_PrefabInternal: {fileID: 652570385}
  serializedVersion: 5
  m_Component:
  - component: {fileID: 745643068}
  - component: {fileID: 745643067}
  - component: {fileID: 745643066}
  m_Layer: 0
  m_Name: RockMesh
  m_TagString: Untagged
  m_Icon: {fileID: 0}
  m_NavMeshLayer: 0
  m_StaticEditorFlags: 4294967295
  m_IsActive: 1
--- !u!23 &745643066
MeshRenderer:
  m_ObjectHideFlags: 0
  m_PrefabParentObject: {fileID: 2300000, guid: 8e41f14c6552d48e6a7992aaecc808e4,
    type: 3}
  m_PrefabInternal: {fileID: 652570385}
  m_GameObject: {fileID: 745643065}
  m_Enabled: 1
  m_CastShadows: 1
  m_ReceiveShadows: 1
  m_MotionVectors: 1
  m_LightProbeUsage: 1
  m_ReflectionProbeUsage: 1
  m_Materials:
  - {fileID: 2100000, guid: 8af33a4120ac4486ba927ecb5d9bb635, type: 2}
  m_StaticBatchInfo:
    firstSubMesh: 0
    subMeshCount: 0
  m_StaticBatchRoot: {fileID: 0}
  m_ProbeAnchor: {fileID: 0}
  m_LightProbeVolumeOverride: {fileID: 0}
  m_ScaleInLightmap: 1
  m_PreserveUVs: 0
  m_IgnoreNormalsForChartDetection: 0
  m_ImportantGI: 0
  m_SelectedEditorRenderState: 3
  m_MinimumChartSize: 4
  m_AutoUVMaxDistance: 0.5
  m_AutoUVMaxAngle: 89
  m_LightmapParameters: {fileID: 0}
  m_SortingLayerID: 0
  m_SortingLayer: 0
  m_SortingOrder: 0
--- !u!33 &745643067
MeshFilter:
  m_ObjectHideFlags: 0
  m_PrefabParentObject: {fileID: 3300000, guid: 8e41f14c6552d48e6a7992aaecc808e4,
    type: 3}
  m_PrefabInternal: {fileID: 652570385}
  m_GameObject: {fileID: 745643065}
  m_Mesh: {fileID: 4300000, guid: 8e41f14c6552d48e6a7992aaecc808e4, type: 3}
--- !u!4 &745643068
Transform:
  m_ObjectHideFlags: 0
  m_PrefabParentObject: {fileID: 400000, guid: 8e41f14c6552d48e6a7992aaecc808e4, type: 3}
  m_PrefabInternal: {fileID: 652570385}
  m_GameObject: {fileID: 745643065}
  m_LocalRotation: {x: 0, y: -0, z: 0, w: 1}
  m_LocalPosition: {x: 791.94, y: 0.31, z: 987.62}
  m_LocalScale: {x: 1, y: 1, z: 1}
  m_Children: []
  m_Father: {fileID: 1496770970}
  m_RootOrder: 0
  m_LocalEulerAnglesHint: {x: 0, y: 0, z: 0}
--- !u!1001 &759226675
Prefab:
  m_ObjectHideFlags: 0
  serializedVersion: 2
  m_Modification:
    m_TransformParent: {fileID: 1496770970}
    m_Modifications:
    - target: {fileID: 400000, guid: cb453e2bf23037e4a9547b9dcc433aba, type: 3}
      propertyPath: m_LocalPosition.x
      value: 806.280029
      objectReference: {fileID: 0}
    - target: {fileID: 400000, guid: cb453e2bf23037e4a9547b9dcc433aba, type: 3}
      propertyPath: m_LocalPosition.y
      value: .560000002
      objectReference: {fileID: 0}
    - target: {fileID: 400000, guid: cb453e2bf23037e4a9547b9dcc433aba, type: 3}
      propertyPath: m_LocalPosition.z
      value: 1141.44995
      objectReference: {fileID: 0}
    - target: {fileID: 400000, guid: cb453e2bf23037e4a9547b9dcc433aba, type: 3}
      propertyPath: m_LocalRotation.x
      value: -.707106829
      objectReference: {fileID: 0}
    - target: {fileID: 400000, guid: cb453e2bf23037e4a9547b9dcc433aba, type: 3}
      propertyPath: m_LocalRotation.y
      value: 0
      objectReference: {fileID: 0}
    - target: {fileID: 400000, guid: cb453e2bf23037e4a9547b9dcc433aba, type: 3}
      propertyPath: m_LocalRotation.z
      value: -0
      objectReference: {fileID: 0}
    - target: {fileID: 400000, guid: cb453e2bf23037e4a9547b9dcc433aba, type: 3}
      propertyPath: m_LocalRotation.w
      value: .707106829
      objectReference: {fileID: 0}
    - target: {fileID: 400000, guid: cb453e2bf23037e4a9547b9dcc433aba, type: 3}
      propertyPath: m_RootOrder
      value: 9
      objectReference: {fileID: 0}
    - target: {fileID: 100000, guid: cb453e2bf23037e4a9547b9dcc433aba, type: 3}
      propertyPath: m_StaticEditorFlags
      value: 4294967295
      objectReference: {fileID: 0}
    m_RemovedComponents:
    - {fileID: 9500000, guid: cb453e2bf23037e4a9547b9dcc433aba, type: 3}
  m_ParentPrefab: {fileID: 100100000, guid: cb453e2bf23037e4a9547b9dcc433aba, type: 3}
  m_RootGameObject: {fileID: 1731031940}
  m_IsPrefabParent: 0
--- !u!1001 &936243332
Prefab:
  m_ObjectHideFlags: 0
  serializedVersion: 2
  m_Modification:
    m_TransformParent: {fileID: 1496770970}
    m_Modifications:
    - target: {fileID: 400000, guid: cb453e2bf23037e4a9547b9dcc433aba, type: 3}
      propertyPath: m_LocalPosition.x
      value: 806.280029
      objectReference: {fileID: 0}
    - target: {fileID: 400000, guid: cb453e2bf23037e4a9547b9dcc433aba, type: 3}
      propertyPath: m_LocalPosition.y
      value: .560000002
      objectReference: {fileID: 0}
    - target: {fileID: 400000, guid: cb453e2bf23037e4a9547b9dcc433aba, type: 3}
      propertyPath: m_LocalPosition.z
      value: 972.640015
      objectReference: {fileID: 0}
    - target: {fileID: 400000, guid: cb453e2bf23037e4a9547b9dcc433aba, type: 3}
      propertyPath: m_LocalRotation.x
      value: -.707106829
      objectReference: {fileID: 0}
    - target: {fileID: 400000, guid: cb453e2bf23037e4a9547b9dcc433aba, type: 3}
      propertyPath: m_LocalRotation.y
      value: 0
      objectReference: {fileID: 0}
    - target: {fileID: 400000, guid: cb453e2bf23037e4a9547b9dcc433aba, type: 3}
      propertyPath: m_LocalRotation.z
      value: -0
      objectReference: {fileID: 0}
    - target: {fileID: 400000, guid: cb453e2bf23037e4a9547b9dcc433aba, type: 3}
      propertyPath: m_LocalRotation.w
      value: .707106829
      objectReference: {fileID: 0}
    - target: {fileID: 400000, guid: cb453e2bf23037e4a9547b9dcc433aba, type: 3}
      propertyPath: m_RootOrder
      value: 1
      objectReference: {fileID: 0}
    - target: {fileID: 100000, guid: cb453e2bf23037e4a9547b9dcc433aba, type: 3}
      propertyPath: m_StaticEditorFlags
      value: 4294967295
      objectReference: {fileID: 0}
    m_RemovedComponents:
    - {fileID: 9500000, guid: cb453e2bf23037e4a9547b9dcc433aba, type: 3}
  m_ParentPrefab: {fileID: 100100000, guid: cb453e2bf23037e4a9547b9dcc433aba, type: 3}
  m_RootGameObject: {fileID: 312883281}
  m_IsPrefabParent: 0
--- !u!1001 &959670967
Prefab:
  m_ObjectHideFlags: 0
  serializedVersion: 2
  m_Modification:
    m_TransformParent: {fileID: 0}
    m_Modifications:
    - target: {fileID: 400002, guid: 9d4133d5d30b644bd87802a347eaccbe, type: 2}
      propertyPath: m_LocalPosition.x
      value: 837.840027
      objectReference: {fileID: 0}
    - target: {fileID: 400002, guid: 9d4133d5d30b644bd87802a347eaccbe, type: 2}
      propertyPath: m_LocalPosition.y
      value: 8
      objectReference: {fileID: 0}
    - target: {fileID: 400002, guid: 9d4133d5d30b644bd87802a347eaccbe, type: 2}
      propertyPath: m_LocalPosition.z
      value: 993.359985
      objectReference: {fileID: 0}
    - target: {fileID: 400002, guid: 9d4133d5d30b644bd87802a347eaccbe, type: 2}
      propertyPath: m_LocalRotation.x
      value: 0
      objectReference: {fileID: 0}
    - target: {fileID: 400002, guid: 9d4133d5d30b644bd87802a347eaccbe, type: 2}
      propertyPath: m_LocalRotation.y
      value: .887413502
      objectReference: {fileID: 0}
    - target: {fileID: 400002, guid: 9d4133d5d30b644bd87802a347eaccbe, type: 2}
      propertyPath: m_LocalRotation.z
      value: 0
      objectReference: {fileID: 0}
    - target: {fileID: 400002, guid: 9d4133d5d30b644bd87802a347eaccbe, type: 2}
      propertyPath: m_LocalRotation.w
      value: -.460974276
      objectReference: {fileID: 0}
    - target: {fileID: 400002, guid: 9d4133d5d30b644bd87802a347eaccbe, type: 2}
      propertyPath: m_RootOrder
      value: 0
      objectReference: {fileID: 0}
    - target: {fileID: 14300000, guid: 9d4133d5d30b644bd87802a347eaccbe, type: 2}
      propertyPath: m_Radius
      value: .600000024
      objectReference: {fileID: 0}
    - target: {fileID: 14300000, guid: 9d4133d5d30b644bd87802a347eaccbe, type: 2}
      propertyPath: m_Height
      value: 4
      objectReference: {fileID: 0}
    - target: {fileID: 400004, guid: 9d4133d5d30b644bd87802a347eaccbe, type: 2}
      propertyPath: m_LocalPosition.y
      value: 1.54200006
      objectReference: {fileID: 0}
    - target: {fileID: 11400000, guid: 9d4133d5d30b644bd87802a347eaccbe, type: 2}
      propertyPath: sensitivityX
      value: 1
      objectReference: {fileID: 0}
    - target: {fileID: 11400006, guid: 9d4133d5d30b644bd87802a347eaccbe, type: 2}
      propertyPath: sensitivityX
      value: 2
      objectReference: {fileID: 0}
    - target: {fileID: 11400006, guid: 9d4133d5d30b644bd87802a347eaccbe, type: 2}
      propertyPath: sensitivityY
      value: 2
      objectReference: {fileID: 0}
    m_RemovedComponents: []
  m_ParentPrefab: {fileID: 100100000, guid: 9d4133d5d30b644bd87802a347eaccbe, type: 2}
  m_RootGameObject: {fileID: 500104868}
  m_IsPrefabParent: 0
--- !u!1001 &1047615360
Prefab:
  m_ObjectHideFlags: 0
  serializedVersion: 2
  m_Modification:
    m_TransformParent: {fileID: 1496770970}
    m_Modifications:
    - target: {fileID: 400000, guid: 8e41f14c6552d48e6a7992aaecc808e4, type: 3}
      propertyPath: m_LocalPosition.x
      value: 794.099976
      objectReference: {fileID: 0}
    - target: {fileID: 400000, guid: 8e41f14c6552d48e6a7992aaecc808e4, type: 3}
      propertyPath: m_LocalPosition.y
      value: .210999995
      objectReference: {fileID: 0}
    - target: {fileID: 400000, guid: 8e41f14c6552d48e6a7992aaecc808e4, type: 3}
      propertyPath: m_LocalPosition.z
      value: 929.900024
      objectReference: {fileID: 0}
    - target: {fileID: 400000, guid: 8e41f14c6552d48e6a7992aaecc808e4, type: 3}
      propertyPath: m_LocalRotation.x
      value: 0
      objectReference: {fileID: 0}
    - target: {fileID: 400000, guid: 8e41f14c6552d48e6a7992aaecc808e4, type: 3}
      propertyPath: m_LocalRotation.y
      value: -0
      objectReference: {fileID: 0}
    - target: {fileID: 400000, guid: 8e41f14c6552d48e6a7992aaecc808e4, type: 3}
      propertyPath: m_LocalRotation.z
      value: 0
      objectReference: {fileID: 0}
    - target: {fileID: 400000, guid: 8e41f14c6552d48e6a7992aaecc808e4, type: 3}
      propertyPath: m_LocalRotation.w
      value: 1
      objectReference: {fileID: 0}
    - target: {fileID: 400000, guid: 8e41f14c6552d48e6a7992aaecc808e4, type: 3}
      propertyPath: m_RootOrder
      value: 12
      objectReference: {fileID: 0}
    - target: {fileID: 100000, guid: 8e41f14c6552d48e6a7992aaecc808e4, type: 3}
      propertyPath: m_StaticEditorFlags
      value: 4294967295
      objectReference: {fileID: 0}
    m_RemovedComponents:
    - {fileID: 11100000, guid: 8e41f14c6552d48e6a7992aaecc808e4, type: 3}
  m_ParentPrefab: {fileID: 100100000, guid: 8e41f14c6552d48e6a7992aaecc808e4, type: 3}
  m_RootGameObject: {fileID: 1669448126}
  m_IsPrefabParent: 0
--- !u!1001 &1114869246
Prefab:
  m_ObjectHideFlags: 0
  serializedVersion: 2
  m_Modification:
    m_TransformParent: {fileID: 0}
    m_Modifications:
    - target: {fileID: 400000, guid: f460e49411cc6014e8a65a520438caa6, type: 3}
      propertyPath: m_LocalPosition.x
      value: 806.280029
      objectReference: {fileID: 0}
    - target: {fileID: 400000, guid: f460e49411cc6014e8a65a520438caa6, type: 3}
      propertyPath: m_LocalPosition.y
      value: .920000017
      objectReference: {fileID: 0}
    - target: {fileID: 400000, guid: f460e49411cc6014e8a65a520438caa6, type: 3}
      propertyPath: m_LocalPosition.z
      value: 969.719971
      objectReference: {fileID: 0}
    - target: {fileID: 400000, guid: f460e49411cc6014e8a65a520438caa6, type: 3}
      propertyPath: m_LocalRotation.x
      value: -.707106829
      objectReference: {fileID: 0}
    - target: {fileID: 400000, guid: f460e49411cc6014e8a65a520438caa6, type: 3}
      propertyPath: m_LocalRotation.y
      value: 0
      objectReference: {fileID: 0}
    - target: {fileID: 400000, guid: f460e49411cc6014e8a65a520438caa6, type: 3}
      propertyPath: m_LocalRotation.z
      value: -0
      objectReference: {fileID: 0}
    - target: {fileID: 400000, guid: f460e49411cc6014e8a65a520438caa6, type: 3}
      propertyPath: m_LocalRotation.w
      value: .707106829
      objectReference: {fileID: 0}
    - target: {fileID: 400000, guid: f460e49411cc6014e8a65a520438caa6, type: 3}
      propertyPath: m_RootOrder
      value: 1
      objectReference: {fileID: 0}
    - target: {fileID: 100000, guid: f460e49411cc6014e8a65a520438caa6, type: 3}
      propertyPath: m_StaticEditorFlags
      value: 4294967295
      objectReference: {fileID: 0}
    m_RemovedComponents:
    - {fileID: 9500000, guid: f460e49411cc6014e8a65a520438caa6, type: 3}
  m_ParentPrefab: {fileID: 100100000, guid: f460e49411cc6014e8a65a520438caa6, type: 3}
  m_RootGameObject: {fileID: 2093602707}
  m_IsPrefabParent: 0
--- !u!1 &1167253239
GameObject:
  m_ObjectHideFlags: 0
  m_PrefabParentObject: {fileID: 100000, guid: 8e41f14c6552d48e6a7992aaecc808e4, type: 3}
  m_PrefabInternal: {fileID: 1637391773}
  serializedVersion: 5
  m_Component:
  - component: {fileID: 1167253242}
  - component: {fileID: 1167253241}
  - component: {fileID: 1167253240}
  m_Layer: 0
  m_Name: RockMesh
  m_TagString: Untagged
  m_Icon: {fileID: 0}
  m_NavMeshLayer: 0
  m_StaticEditorFlags: 4294967295
  m_IsActive: 1
--- !u!23 &1167253240
MeshRenderer:
  m_ObjectHideFlags: 0
  m_PrefabParentObject: {fileID: 2300000, guid: 8e41f14c6552d48e6a7992aaecc808e4,
    type: 3}
  m_PrefabInternal: {fileID: 1637391773}
  m_GameObject: {fileID: 1167253239}
  m_Enabled: 1
  m_CastShadows: 1
  m_ReceiveShadows: 1
  m_MotionVectors: 1
  m_LightProbeUsage: 1
  m_ReflectionProbeUsage: 1
  m_Materials:
  - {fileID: 2100000, guid: 8af33a4120ac4486ba927ecb5d9bb635, type: 2}
  m_StaticBatchInfo:
    firstSubMesh: 0
    subMeshCount: 0
  m_StaticBatchRoot: {fileID: 0}
  m_ProbeAnchor: {fileID: 0}
  m_LightProbeVolumeOverride: {fileID: 0}
  m_ScaleInLightmap: 1
  m_PreserveUVs: 0
  m_IgnoreNormalsForChartDetection: 0
  m_ImportantGI: 0
  m_SelectedEditorRenderState: 3
  m_MinimumChartSize: 4
  m_AutoUVMaxDistance: 0.5
  m_AutoUVMaxAngle: 89
  m_LightmapParameters: {fileID: 0}
  m_SortingLayerID: 0
  m_SortingLayer: 0
  m_SortingOrder: 0
--- !u!33 &1167253241
MeshFilter:
  m_ObjectHideFlags: 0
  m_PrefabParentObject: {fileID: 3300000, guid: 8e41f14c6552d48e6a7992aaecc808e4,
    type: 3}
  m_PrefabInternal: {fileID: 1637391773}
  m_GameObject: {fileID: 1167253239}
  m_Mesh: {fileID: 4300000, guid: 8e41f14c6552d48e6a7992aaecc808e4, type: 3}
--- !u!4 &1167253242
Transform:
  m_ObjectHideFlags: 0
  m_PrefabParentObject: {fileID: 400000, guid: 8e41f14c6552d48e6a7992aaecc808e4, type: 3}
  m_PrefabInternal: {fileID: 1637391773}
  m_GameObject: {fileID: 1167253239}
  m_LocalRotation: {x: 0, y: -0.8032723, z: 0, w: 0.59561205}
  m_LocalPosition: {x: 797.73, y: 0.23, z: 974.86}
  m_LocalScale: {x: 1, y: 1, z: 1}
  m_Children: []
  m_Father: {fileID: 1496770970}
  m_RootOrder: 10
  m_LocalEulerAnglesHint: {x: 0, y: 0, z: 0}
--- !u!1 &1198049286
GameObject:
  m_ObjectHideFlags: 0
  m_PrefabParentObject: {fileID: 100000, guid: cb453e2bf23037e4a9547b9dcc433aba, type: 3}
  m_PrefabInternal: {fileID: 140711512}
  serializedVersion: 5
  m_Component:
  - component: {fileID: 1198049289}
  - component: {fileID: 1198049288}
  - component: {fileID: 1198049287}
  m_Layer: 0
  m_Name: demo_rails
  m_TagString: Untagged
  m_Icon: {fileID: 0}
  m_NavMeshLayer: 0
  m_StaticEditorFlags: 4294967295
  m_IsActive: 1
--- !u!23 &1198049287
MeshRenderer:
  m_ObjectHideFlags: 0
  m_PrefabParentObject: {fileID: 2300000, guid: cb453e2bf23037e4a9547b9dcc433aba,
    type: 3}
  m_PrefabInternal: {fileID: 140711512}
  m_GameObject: {fileID: 1198049286}
  m_Enabled: 1
  m_CastShadows: 1
  m_ReceiveShadows: 1
  m_MotionVectors: 1
  m_LightProbeUsage: 1
  m_ReflectionProbeUsage: 1
  m_Materials:
  - {fileID: 2100000, guid: 5b77408e2a6da00428a263df974d29dc, type: 2}
  m_StaticBatchInfo:
    firstSubMesh: 0
    subMeshCount: 0
  m_StaticBatchRoot: {fileID: 0}
  m_ProbeAnchor: {fileID: 0}
  m_LightProbeVolumeOverride: {fileID: 0}
  m_ScaleInLightmap: 1
  m_PreserveUVs: 0
  m_IgnoreNormalsForChartDetection: 0
  m_ImportantGI: 0
  m_SelectedEditorRenderState: 3
  m_MinimumChartSize: 4
  m_AutoUVMaxDistance: 0.5
  m_AutoUVMaxAngle: 89
  m_LightmapParameters: {fileID: 0}
  m_SortingLayerID: 0
  m_SortingLayer: 0
  m_SortingOrder: 0
--- !u!33 &1198049288
MeshFilter:
  m_ObjectHideFlags: 0
  m_PrefabParentObject: {fileID: 3300000, guid: cb453e2bf23037e4a9547b9dcc433aba,
    type: 3}
  m_PrefabInternal: {fileID: 140711512}
  m_GameObject: {fileID: 1198049286}
  m_Mesh: {fileID: 4300000, guid: cb453e2bf23037e4a9547b9dcc433aba, type: 3}
--- !u!4 &1198049289
Transform:
  m_ObjectHideFlags: 0
  m_PrefabParentObject: {fileID: 400000, guid: cb453e2bf23037e4a9547b9dcc433aba, type: 3}
  m_PrefabInternal: {fileID: 140711512}
  m_GameObject: {fileID: 1198049286}
  m_LocalRotation: {x: -0.7071068, y: 0, z: -0, w: 0.7071068}
  m_LocalPosition: {x: 806.28, y: 0.56, z: 888.22}
  m_LocalScale: {x: 1, y: 1, z: 1}
  m_Children: []
  m_Father: {fileID: 1496770970}
  m_RootOrder: 3
  m_LocalEulerAnglesHint: {x: 0, y: 0, z: 0}
--- !u!1001 &1376905095
Prefab:
  m_ObjectHideFlags: 0
  serializedVersion: 2
  m_Modification:
    m_TransformParent: {fileID: 1496770970}
    m_Modifications:
    - target: {fileID: 400000, guid: cb453e2bf23037e4a9547b9dcc433aba, type: 3}
      propertyPath: m_LocalPosition.x
      value: 806.280029
      objectReference: {fileID: 0}
    - target: {fileID: 400000, guid: cb453e2bf23037e4a9547b9dcc433aba, type: 3}
      propertyPath: m_LocalPosition.y
      value: .560000002
      objectReference: {fileID: 0}
    - target: {fileID: 400000, guid: cb453e2bf23037e4a9547b9dcc433aba, type: 3}
      propertyPath: m_LocalPosition.z
      value: 803.799988
      objectReference: {fileID: 0}
    - target: {fileID: 400000, guid: cb453e2bf23037e4a9547b9dcc433aba, type: 3}
      propertyPath: m_LocalRotation.x
      value: -.707106829
      objectReference: {fileID: 0}
    - target: {fileID: 400000, guid: cb453e2bf23037e4a9547b9dcc433aba, type: 3}
      propertyPath: m_LocalRotation.y
      value: 0
      objectReference: {fileID: 0}
    - target: {fileID: 400000, guid: cb453e2bf23037e4a9547b9dcc433aba, type: 3}
      propertyPath: m_LocalRotation.z
      value: -0
      objectReference: {fileID: 0}
    - target: {fileID: 400000, guid: cb453e2bf23037e4a9547b9dcc433aba, type: 3}
      propertyPath: m_LocalRotation.w
      value: .707106829
      objectReference: {fileID: 0}
    - target: {fileID: 400000, guid: cb453e2bf23037e4a9547b9dcc433aba, type: 3}
      propertyPath: m_RootOrder
      value: 5
      objectReference: {fileID: 0}
    - target: {fileID: 100000, guid: cb453e2bf23037e4a9547b9dcc433aba, type: 3}
      propertyPath: m_StaticEditorFlags
      value: 4294967295
      objectReference: {fileID: 0}
    m_RemovedComponents:
    - {fileID: 9500000, guid: cb453e2bf23037e4a9547b9dcc433aba, type: 3}
  m_ParentPrefab: {fileID: 100100000, guid: cb453e2bf23037e4a9547b9dcc433aba, type: 3}
  m_RootGameObject: {fileID: 642242039}
  m_IsPrefabParent: 0
--- !u!1 &1496770969
GameObject:
  m_ObjectHideFlags: 0
  m_PrefabParentObject: {fileID: 0}
  m_PrefabInternal: {fileID: 0}
  serializedVersion: 5
  m_Component:
  - component: {fileID: 1496770970}
  m_Layer: 0
  m_Name: enviro_mesh
  m_TagString: Untagged
  m_Icon: {fileID: 0}
  m_NavMeshLayer: 0
  m_StaticEditorFlags: 0
  m_IsActive: 1
--- !u!4 &1496770970
Transform:
  m_ObjectHideFlags: 0
  m_PrefabParentObject: {fileID: 0}
  m_PrefabInternal: {fileID: 0}
  m_GameObject: {fileID: 1496770969}
  m_LocalRotation: {x: 0, y: 0, z: 0, w: 1}
  m_LocalPosition: {x: 0, y: 0, z: 0}
  m_LocalScale: {x: 1, y: 1, z: 1}
  m_Children:
  - {fileID: 745643068}
  - {fileID: 312883284}
  - {fileID: 299539253}
  - {fileID: 1198049289}
  - {fileID: 501705308}
  - {fileID: 642242042}
  - {fileID: 536435138}
  - {fileID: 2143783465}
  - {fileID: 173453218}
  - {fileID: 1731031943}
  - {fileID: 1167253242}
  - {fileID: 284379642}
  - {fileID: 1669448129}
  m_Father: {fileID: 0}
  m_RootOrder: 3
  m_LocalEulerAnglesHint: {x: 0, y: 0, z: 0}
--- !u!1 &1518678022
GameObject:
  m_ObjectHideFlags: 0
  m_PrefabParentObject: {fileID: 0}
  m_PrefabInternal: {fileID: 0}
  serializedVersion: 5
  m_Component:
  - component: {fileID: 1518678025}
  - component: {fileID: 1518678024}
  - component: {fileID: 1518678023}
  m_Layer: 0
  m_Name: Terrain
  m_TagString: Untagged
  m_Icon: {fileID: 0}
  m_NavMeshLayer: 0
  m_StaticEditorFlags: 4294967295
  m_IsActive: 1
--- !u!154 &1518678023
TerrainCollider:
  m_ObjectHideFlags: 0
  m_PrefabParentObject: {fileID: 0}
  m_PrefabInternal: {fileID: 0}
  m_GameObject: {fileID: 1518678022}
  m_Material: {fileID: 0}
  m_Enabled: 1
  m_TerrainData: {fileID: 15600000, guid: 2b5b642f19c5afd4e978a608c4c7c845, type: 2}
  m_EnableTreeColliders: 1
--- !u!218 &1518678024
Terrain:
  m_ObjectHideFlags: 0
  m_PrefabParentObject: {fileID: 0}
  m_PrefabInternal: {fileID: 0}
  m_GameObject: {fileID: 1518678022}
  m_Enabled: 1
  serializedVersion: 3
  m_TerrainData: {fileID: 15600000, guid: 2b5b642f19c5afd4e978a608c4c7c845, type: 2}
  m_TreeDistance: 2000
  m_TreeBillboardDistance: 100
  m_TreeCrossFadeLength: 5
  m_TreeMaximumFullLODCount: 50
  m_DetailObjectDistance: 98
  m_DetailObjectDensity: 1
  m_HeightmapPixelError: 5
  m_SplatMapDistance: 1000
  m_HeightmapMaximumLOD: 0
  m_CastShadows: 1
  m_DrawHeightmap: 1
  m_DrawTreesAndFoliage: 1
  m_ReflectionProbeUsage: 1
  m_MaterialType: 3
  m_LegacySpecular:
    serializedVersion: 2
    rgba: 4286545791
  m_LegacyShininess: 0.078125
  m_MaterialTemplate: {fileID: 2100000, guid: a6d1cedd6671f9c4db014da85291b957, type: 2}
  m_BakeLightProbesForTrees: 1
  m_ScaleInLightmap: 1
  m_LightmapParameters: {fileID: 15203, guid: 0000000000000000f000000000000000, type: 0}
--- !u!4 &1518678025
Transform:
  m_ObjectHideFlags: 0
  m_PrefabParentObject: {fileID: 0}
  m_PrefabInternal: {fileID: 0}
  m_GameObject: {fileID: 1518678022}
  m_LocalRotation: {x: 0, y: 0, z: 0, w: 1}
  m_LocalPosition: {x: 0, y: 0, z: 0}
  m_LocalScale: {x: 1, y: 1, z: 1}
  m_Children: []
  m_Father: {fileID: 0}
  m_RootOrder: 4
  m_LocalEulerAnglesHint: {x: 0, y: 0, z: 0}
--- !u!1001 &1538298062
Prefab:
  m_ObjectHideFlags: 0
  serializedVersion: 2
  m_Modification:
    m_TransformParent: {fileID: 1496770970}
    m_Modifications:
    - target: {fileID: 400000, guid: cb453e2bf23037e4a9547b9dcc433aba, type: 3}
      propertyPath: m_LocalPosition.x
      value: 806.280029
      objectReference: {fileID: 0}
    - target: {fileID: 400000, guid: cb453e2bf23037e4a9547b9dcc433aba, type: 3}
      propertyPath: m_LocalPosition.y
      value: .560000002
      objectReference: {fileID: 0}
    - target: {fileID: 400000, guid: cb453e2bf23037e4a9547b9dcc433aba, type: 3}
      propertyPath: m_LocalPosition.z
      value: 846.01001
      objectReference: {fileID: 0}
    - target: {fileID: 400000, guid: cb453e2bf23037e4a9547b9dcc433aba, type: 3}
      propertyPath: m_LocalRotation.x
      value: -.707106829
      objectReference: {fileID: 0}
    - target: {fileID: 400000, guid: cb453e2bf23037e4a9547b9dcc433aba, type: 3}
      propertyPath: m_LocalRotation.y
      value: 0
      objectReference: {fileID: 0}
    - target: {fileID: 400000, guid: cb453e2bf23037e4a9547b9dcc433aba, type: 3}
      propertyPath: m_LocalRotation.z
      value: -0
      objectReference: {fileID: 0}
    - target: {fileID: 400000, guid: cb453e2bf23037e4a9547b9dcc433aba, type: 3}
      propertyPath: m_LocalRotation.w
      value: .707106829
      objectReference: {fileID: 0}
    - target: {fileID: 400000, guid: cb453e2bf23037e4a9547b9dcc433aba, type: 3}
      propertyPath: m_RootOrder
      value: 4
      objectReference: {fileID: 0}
    - target: {fileID: 100000, guid: cb453e2bf23037e4a9547b9dcc433aba, type: 3}
      propertyPath: m_StaticEditorFlags
      value: 4294967295
      objectReference: {fileID: 0}
    m_RemovedComponents:
    - {fileID: 9500000, guid: cb453e2bf23037e4a9547b9dcc433aba, type: 3}
  m_ParentPrefab: {fileID: 100100000, guid: cb453e2bf23037e4a9547b9dcc433aba, type: 3}
  m_RootGameObject: {fileID: 501705305}
  m_IsPrefabParent: 0
--- !u!1001 &1628611142
Prefab:
  m_ObjectHideFlags: 0
  serializedVersion: 2
  m_Modification:
    m_TransformParent: {fileID: 1496770970}
    m_Modifications:
    - target: {fileID: 400000, guid: 8e41f14c6552d48e6a7992aaecc808e4, type: 3}
      propertyPath: m_LocalPosition.x
      value: 815.900024
      objectReference: {fileID: 0}
    - target: {fileID: 400000, guid: 8e41f14c6552d48e6a7992aaecc808e4, type: 3}
      propertyPath: m_LocalPosition.y
      value: .409999996
      objectReference: {fileID: 0}
    - target: {fileID: 400000, guid: 8e41f14c6552d48e6a7992aaecc808e4, type: 3}
      propertyPath: m_LocalPosition.z
      value: 1008.91998
      objectReference: {fileID: 0}
    - target: {fileID: 400000, guid: 8e41f14c6552d48e6a7992aaecc808e4, type: 3}
      propertyPath: m_LocalRotation.x
      value: 0
      objectReference: {fileID: 0}
    - target: {fileID: 400000, guid: 8e41f14c6552d48e6a7992aaecc808e4, type: 3}
      propertyPath: m_LocalRotation.y
      value: -0
      objectReference: {fileID: 0}
    - target: {fileID: 400000, guid: 8e41f14c6552d48e6a7992aaecc808e4, type: 3}
      propertyPath: m_LocalRotation.z
      value: 0
      objectReference: {fileID: 0}
    - target: {fileID: 400000, guid: 8e41f14c6552d48e6a7992aaecc808e4, type: 3}
      propertyPath: m_LocalRotation.w
      value: 1
      objectReference: {fileID: 0}
    - target: {fileID: 400000, guid: 8e41f14c6552d48e6a7992aaecc808e4, type: 3}
      propertyPath: m_RootOrder
      value: 11
      objectReference: {fileID: 0}
    - target: {fileID: 100000, guid: 8e41f14c6552d48e6a7992aaecc808e4, type: 3}
      propertyPath: m_StaticEditorFlags
      value: 4294967295
      objectReference: {fileID: 0}
    m_RemovedComponents:
    - {fileID: 11100000, guid: 8e41f14c6552d48e6a7992aaecc808e4, type: 3}
  m_ParentPrefab: {fileID: 100100000, guid: 8e41f14c6552d48e6a7992aaecc808e4, type: 3}
  m_RootGameObject: {fileID: 284379639}
  m_IsPrefabParent: 0
--- !u!1001 &1637391773
Prefab:
  m_ObjectHideFlags: 0
  serializedVersion: 2
  m_Modification:
    m_TransformParent: {fileID: 1496770970}
    m_Modifications:
    - target: {fileID: 400000, guid: 8e41f14c6552d48e6a7992aaecc808e4, type: 3}
      propertyPath: m_LocalPosition.x
      value: 797.72998
      objectReference: {fileID: 0}
    - target: {fileID: 400000, guid: 8e41f14c6552d48e6a7992aaecc808e4, type: 3}
      propertyPath: m_LocalPosition.y
      value: .230000004
      objectReference: {fileID: 0}
    - target: {fileID: 400000, guid: 8e41f14c6552d48e6a7992aaecc808e4, type: 3}
      propertyPath: m_LocalPosition.z
      value: 974.859985
      objectReference: {fileID: 0}
    - target: {fileID: 400000, guid: 8e41f14c6552d48e6a7992aaecc808e4, type: 3}
      propertyPath: m_LocalRotation.x
      value: 0
      objectReference: {fileID: 0}
    - target: {fileID: 400000, guid: 8e41f14c6552d48e6a7992aaecc808e4, type: 3}
      propertyPath: m_LocalRotation.y
      value: -.803272307
      objectReference: {fileID: 0}
    - target: {fileID: 400000, guid: 8e41f14c6552d48e6a7992aaecc808e4, type: 3}
      propertyPath: m_LocalRotation.z
      value: 0
      objectReference: {fileID: 0}
    - target: {fileID: 400000, guid: 8e41f14c6552d48e6a7992aaecc808e4, type: 3}
      propertyPath: m_LocalRotation.w
      value: .595612049
      objectReference: {fileID: 0}
    - target: {fileID: 400000, guid: 8e41f14c6552d48e6a7992aaecc808e4, type: 3}
      propertyPath: m_RootOrder
      value: 10
      objectReference: {fileID: 0}
    - target: {fileID: 100000, guid: 8e41f14c6552d48e6a7992aaecc808e4, type: 3}
      propertyPath: m_StaticEditorFlags
      value: 4294967295
      objectReference: {fileID: 0}
    m_RemovedComponents:
    - {fileID: 11100000, guid: 8e41f14c6552d48e6a7992aaecc808e4, type: 3}
  m_ParentPrefab: {fileID: 100100000, guid: 8e41f14c6552d48e6a7992aaecc808e4, type: 3}
  m_RootGameObject: {fileID: 1167253239}
  m_IsPrefabParent: 0
--- !u!1 &1669448126
GameObject:
  m_ObjectHideFlags: 0
  m_PrefabParentObject: {fileID: 100000, guid: 8e41f14c6552d48e6a7992aaecc808e4, type: 3}
  m_PrefabInternal: {fileID: 1047615360}
  serializedVersion: 5
  m_Component:
  - component: {fileID: 1669448129}
  - component: {fileID: 1669448128}
  - component: {fileID: 1669448127}
  m_Layer: 0
  m_Name: RockMesh
  m_TagString: Untagged
  m_Icon: {fileID: 0}
  m_NavMeshLayer: 0
  m_StaticEditorFlags: 4294967295
  m_IsActive: 1
--- !u!23 &1669448127
MeshRenderer:
  m_ObjectHideFlags: 0
  m_PrefabParentObject: {fileID: 2300000, guid: 8e41f14c6552d48e6a7992aaecc808e4,
    type: 3}
  m_PrefabInternal: {fileID: 1047615360}
  m_GameObject: {fileID: 1669448126}
  m_Enabled: 1
  m_CastShadows: 1
  m_ReceiveShadows: 1
  m_MotionVectors: 1
  m_LightProbeUsage: 1
  m_ReflectionProbeUsage: 1
  m_Materials:
  - {fileID: 2100000, guid: 8af33a4120ac4486ba927ecb5d9bb635, type: 2}
  m_StaticBatchInfo:
    firstSubMesh: 0
    subMeshCount: 0
  m_StaticBatchRoot: {fileID: 0}
  m_ProbeAnchor: {fileID: 0}
  m_LightProbeVolumeOverride: {fileID: 0}
  m_ScaleInLightmap: 1
  m_PreserveUVs: 0
  m_IgnoreNormalsForChartDetection: 0
  m_ImportantGI: 0
  m_SelectedEditorRenderState: 3
  m_MinimumChartSize: 4
  m_AutoUVMaxDistance: 0.5
  m_AutoUVMaxAngle: 89
  m_LightmapParameters: {fileID: 0}
  m_SortingLayerID: 0
  m_SortingLayer: 0
  m_SortingOrder: 0
--- !u!33 &1669448128
MeshFilter:
  m_ObjectHideFlags: 0
  m_PrefabParentObject: {fileID: 3300000, guid: 8e41f14c6552d48e6a7992aaecc808e4,
    type: 3}
  m_PrefabInternal: {fileID: 1047615360}
  m_GameObject: {fileID: 1669448126}
  m_Mesh: {fileID: 4300000, guid: 8e41f14c6552d48e6a7992aaecc808e4, type: 3}
--- !u!4 &1669448129
Transform:
  m_ObjectHideFlags: 0
  m_PrefabParentObject: {fileID: 400000, guid: 8e41f14c6552d48e6a7992aaecc808e4, type: 3}
  m_PrefabInternal: {fileID: 1047615360}
  m_GameObject: {fileID: 1669448126}
  m_LocalRotation: {x: 0, y: -0, z: 0, w: 1}
  m_LocalPosition: {x: 794.1, y: 0.211, z: 929.9}
  m_LocalScale: {x: 1, y: 1, z: 1}
  m_Children: []
  m_Father: {fileID: 1496770970}
  m_RootOrder: 12
  m_LocalEulerAnglesHint: {x: 0, y: 0, z: 0}
--- !u!1 &1731031940
GameObject:
  m_ObjectHideFlags: 0
  m_PrefabParentObject: {fileID: 100000, guid: cb453e2bf23037e4a9547b9dcc433aba, type: 3}
  m_PrefabInternal: {fileID: 759226675}
  serializedVersion: 5
  m_Component:
  - component: {fileID: 1731031943}
  - component: {fileID: 1731031942}
  - component: {fileID: 1731031941}
  m_Layer: 0
  m_Name: demo_rails
  m_TagString: Untagged
  m_Icon: {fileID: 0}
  m_NavMeshLayer: 0
  m_StaticEditorFlags: 4294967295
  m_IsActive: 1
--- !u!23 &1731031941
MeshRenderer:
  m_ObjectHideFlags: 0
  m_PrefabParentObject: {fileID: 2300000, guid: cb453e2bf23037e4a9547b9dcc433aba,
    type: 3}
  m_PrefabInternal: {fileID: 759226675}
  m_GameObject: {fileID: 1731031940}
  m_Enabled: 1
  m_CastShadows: 1
  m_ReceiveShadows: 1
  m_MotionVectors: 1
  m_LightProbeUsage: 1
  m_ReflectionProbeUsage: 1
  m_Materials:
  - {fileID: 2100000, guid: 5b77408e2a6da00428a263df974d29dc, type: 2}
  m_StaticBatchInfo:
    firstSubMesh: 0
    subMeshCount: 0
  m_StaticBatchRoot: {fileID: 0}
  m_ProbeAnchor: {fileID: 0}
  m_LightProbeVolumeOverride: {fileID: 0}
  m_ScaleInLightmap: 1
  m_PreserveUVs: 0
  m_IgnoreNormalsForChartDetection: 0
  m_ImportantGI: 0
  m_SelectedEditorRenderState: 3
  m_MinimumChartSize: 4
  m_AutoUVMaxDistance: 0.5
  m_AutoUVMaxAngle: 89
  m_LightmapParameters: {fileID: 0}
  m_SortingLayerID: 0
  m_SortingLayer: 0
  m_SortingOrder: 0
--- !u!33 &1731031942
MeshFilter:
  m_ObjectHideFlags: 0
  m_PrefabParentObject: {fileID: 3300000, guid: cb453e2bf23037e4a9547b9dcc433aba,
    type: 3}
  m_PrefabInternal: {fileID: 759226675}
  m_GameObject: {fileID: 1731031940}
  m_Mesh: {fileID: 4300000, guid: cb453e2bf23037e4a9547b9dcc433aba, type: 3}
--- !u!4 &1731031943
Transform:
  m_ObjectHideFlags: 0
  m_PrefabParentObject: {fileID: 400000, guid: cb453e2bf23037e4a9547b9dcc433aba, type: 3}
  m_PrefabInternal: {fileID: 759226675}
  m_GameObject: {fileID: 1731031940}
  m_LocalRotation: {x: -0.7071068, y: 0, z: -0, w: 0.7071068}
  m_LocalPosition: {x: 806.28, y: 0.56, z: 1141.45}
  m_LocalScale: {x: 1, y: 1, z: 1}
  m_Children: []
  m_Father: {fileID: 1496770970}
  m_RootOrder: 9
  m_LocalEulerAnglesHint: {x: 0, y: 0, z: 0}
--- !u!1 &1739610055
GameObject:
  m_ObjectHideFlags: 0
  m_PrefabParentObject: {fileID: 100004, guid: 9d4133d5d30b644bd87802a347eaccbe, type: 2}
  m_PrefabInternal: {fileID: 959670967}
  serializedVersion: 5
  m_Component:
  - component: {fileID: 1739610056}
  - component: {fileID: 1739610061}
  - component: {fileID: 1739610060}
  - component: {fileID: 1739610059}
  - component: {fileID: 1739610058}
  - component: {fileID: 1739610057}
  m_Layer: 0
  m_Name: Main Camera
  m_TagString: MainCamera
  m_Icon: {fileID: 0}
  m_NavMeshLayer: 0
  m_StaticEditorFlags: 0
  m_IsActive: 1
--- !u!4 &1739610056
Transform:
  m_ObjectHideFlags: 0
  m_PrefabParentObject: {fileID: 400004, guid: 9d4133d5d30b644bd87802a347eaccbe, type: 2}
  m_PrefabInternal: {fileID: 959670967}
  m_GameObject: {fileID: 1739610055}
  m_LocalRotation: {x: 0, y: 0, z: 0, w: 1}
  m_LocalPosition: {x: 0, y: 1.542, z: 0}
  m_LocalScale: {x: 1, y: 1, z: 1}
  m_Children: []
  m_Father: {fileID: 500104869}
  m_RootOrder: 1
  m_LocalEulerAnglesHint: {x: 0, y: 0, z: 0}
--- !u!81 &1739610057
AudioListener:
  m_ObjectHideFlags: 0
  m_PrefabParentObject: {fileID: 8100000, guid: 9d4133d5d30b644bd87802a347eaccbe,
    type: 2}
  m_PrefabInternal: {fileID: 959670967}
  m_GameObject: {fileID: 1739610055}
  m_Enabled: 1
--- !u!114 &1739610058
MonoBehaviour:
  m_ObjectHideFlags: 0
  m_PrefabParentObject: {fileID: 11400006, guid: 9d4133d5d30b644bd87802a347eaccbe,
    type: 2}
  m_PrefabInternal: {fileID: 959670967}
  m_GameObject: {fileID: 1739610055}
  m_Enabled: 1
  m_EditorHideFlags: 0
  m_Script: {fileID: 11500000, guid: 68ec2fe99d1108b9d0006a298d76c639, type: 3}
  m_Name: 
  m_EditorClassIdentifier: 
  axes: 2
  sensitivityX: 2
  sensitivityY: 2
  minimumX: 0
  maximumX: 360
  minimumY: -60
  maximumY: 60
--- !u!124 &1739610059
Behaviour:
  m_ObjectHideFlags: 0
  m_PrefabParentObject: {fileID: 12400000, guid: 9d4133d5d30b644bd87802a347eaccbe,
    type: 2}
  m_PrefabInternal: {fileID: 959670967}
  m_GameObject: {fileID: 1739610055}
  m_Enabled: 1
--- !u!92 &1739610060
Behaviour:
  m_ObjectHideFlags: 0
  m_PrefabParentObject: {fileID: 9200000, guid: 9d4133d5d30b644bd87802a347eaccbe,
    type: 2}
  m_PrefabInternal: {fileID: 959670967}
  m_GameObject: {fileID: 1739610055}
  m_Enabled: 1
--- !u!20 &1739610061
Camera:
  m_ObjectHideFlags: 0
  m_PrefabParentObject: {fileID: 2000000, guid: 9d4133d5d30b644bd87802a347eaccbe,
    type: 2}
  m_PrefabInternal: {fileID: 959670967}
  m_GameObject: {fileID: 1739610055}
  m_Enabled: 1
  serializedVersion: 2
  m_ClearFlags: 1
  m_BackGroundColor: {r: 0.19166474, g: 0.30196637, b: 0.4745098, a: 1}
  m_NormalizedViewPortRect:
    serializedVersion: 2
    x: 0
    y: 0
    width: 1
    height: 1
  near clip plane: 0.3
  far clip plane: 1000
  field of view: 60
  orthographic: 0
  orthographic size: 100
  m_Depth: 0
  m_CullingMask:
    serializedVersion: 2
    m_Bits: 4294967295
  m_RenderingPath: -1
  m_TargetTexture: {fileID: 0}
  m_TargetDisplay: 0
  m_TargetEye: 3
  m_HDR: 1
  m_AllowMSAA: 1
  m_ForceIntoRT: 0
  m_OcclusionCulling: 1
  m_StereoConvergence: 10
  m_StereoSeparation: 0.022
  m_StereoMirrorMode: 0
--- !u!1001 &1790776357
Prefab:
  m_ObjectHideFlags: 0
  serializedVersion: 2
  m_Modification:
    m_TransformParent: {fileID: 1496770970}
    m_Modifications:
    - target: {fileID: 400000, guid: cb453e2bf23037e4a9547b9dcc433aba, type: 3}
      propertyPath: m_LocalPosition.x
      value: 806.280029
      objectReference: {fileID: 0}
    - target: {fileID: 400000, guid: cb453e2bf23037e4a9547b9dcc433aba, type: 3}
      propertyPath: m_LocalPosition.y
      value: .560000002
      objectReference: {fileID: 0}
    - target: {fileID: 400000, guid: cb453e2bf23037e4a9547b9dcc433aba, type: 3}
      propertyPath: m_LocalPosition.z
      value: 1099.25
      objectReference: {fileID: 0}
    - target: {fileID: 400000, guid: cb453e2bf23037e4a9547b9dcc433aba, type: 3}
      propertyPath: m_LocalRotation.x
      value: -.707106829
      objectReference: {fileID: 0}
    - target: {fileID: 400000, guid: cb453e2bf23037e4a9547b9dcc433aba, type: 3}
      propertyPath: m_LocalRotation.y
      value: 0
      objectReference: {fileID: 0}
    - target: {fileID: 400000, guid: cb453e2bf23037e4a9547b9dcc433aba, type: 3}
      propertyPath: m_LocalRotation.z
      value: -0
      objectReference: {fileID: 0}
    - target: {fileID: 400000, guid: cb453e2bf23037e4a9547b9dcc433aba, type: 3}
      propertyPath: m_LocalRotation.w
      value: .707106829
      objectReference: {fileID: 0}
    - target: {fileID: 400000, guid: cb453e2bf23037e4a9547b9dcc433aba, type: 3}
      propertyPath: m_RootOrder
      value: 8
      objectReference: {fileID: 0}
    - target: {fileID: 100000, guid: cb453e2bf23037e4a9547b9dcc433aba, type: 3}
      propertyPath: m_StaticEditorFlags
      value: 4294967295
      objectReference: {fileID: 0}
    m_RemovedComponents:
    - {fileID: 9500000, guid: cb453e2bf23037e4a9547b9dcc433aba, type: 3}
  m_ParentPrefab: {fileID: 100100000, guid: cb453e2bf23037e4a9547b9dcc433aba, type: 3}
  m_RootGameObject: {fileID: 173453215}
  m_IsPrefabParent: 0
--- !u!1 &1908817871
GameObject:
  m_ObjectHideFlags: 0
  m_PrefabParentObject: {fileID: 100000, guid: 9d4133d5d30b644bd87802a347eaccbe, type: 2}
  m_PrefabInternal: {fileID: 959670967}
  serializedVersion: 5
  m_Component:
  - component: {fileID: 1908817874}
  - component: {fileID: 1908817873}
  - component: {fileID: 1908817872}
  m_Layer: 0
  m_Name: Graphics
  m_TagString: Untagged
  m_Icon: {fileID: 0}
  m_NavMeshLayer: 0
  m_StaticEditorFlags: 0
  m_IsActive: 1
--- !u!23 &1908817872
MeshRenderer:
  m_ObjectHideFlags: 0
  m_PrefabParentObject: {fileID: 2300000, guid: 9d4133d5d30b644bd87802a347eaccbe,
    type: 2}
  m_PrefabInternal: {fileID: 959670967}
  m_GameObject: {fileID: 1908817871}
  m_Enabled: 1
  m_CastShadows: 0
  m_ReceiveShadows: 0
  m_MotionVectors: 1
  m_LightProbeUsage: 1
  m_ReflectionProbeUsage: 1
  m_Materials:
  - {fileID: 10302, guid: 0000000000000000f000000000000000, type: 0}
  m_StaticBatchInfo:
    firstSubMesh: 0
    subMeshCount: 0
  m_StaticBatchRoot: {fileID: 0}
  m_ProbeAnchor: {fileID: 0}
  m_LightProbeVolumeOverride: {fileID: 0}
  m_ScaleInLightmap: 1
  m_PreserveUVs: 0
  m_IgnoreNormalsForChartDetection: 0
  m_ImportantGI: 0
  m_SelectedEditorRenderState: 3
  m_MinimumChartSize: 4
  m_AutoUVMaxDistance: 0.5
  m_AutoUVMaxAngle: 89
  m_LightmapParameters: {fileID: 0}
  m_SortingLayerID: 0
  m_SortingLayer: 0
  m_SortingOrder: 0
--- !u!33 &1908817873
MeshFilter:
  m_ObjectHideFlags: 0
  m_PrefabParentObject: {fileID: 3300000, guid: 9d4133d5d30b644bd87802a347eaccbe,
    type: 2}
  m_PrefabInternal: {fileID: 959670967}
  m_GameObject: {fileID: 1908817871}
  m_Mesh: {fileID: 10205, guid: 0000000000000000e000000000000000, type: 0}
--- !u!4 &1908817874
Transform:
  m_ObjectHideFlags: 0
  m_PrefabParentObject: {fileID: 400000, guid: 9d4133d5d30b644bd87802a347eaccbe, type: 2}
  m_PrefabInternal: {fileID: 959670967}
  m_GameObject: {fileID: 1908817871}
  m_LocalRotation: {x: -0, y: 0, z: 0, w: 1}
  m_LocalPosition: {x: 0, y: 0, z: 0}
  m_LocalScale: {x: 0.4, y: 0.5, z: 0.4}
  m_Children: []
  m_Father: {fileID: 500104869}
  m_RootOrder: 0
  m_LocalEulerAnglesHint: {x: 0, y: 0, z: 0}
--- !u!1001 &1909697522
Prefab:
  m_ObjectHideFlags: 0
  serializedVersion: 2
  m_Modification:
    m_TransformParent: {fileID: 1496770970}
    m_Modifications:
    - target: {fileID: 400000, guid: cb453e2bf23037e4a9547b9dcc433aba, type: 3}
      propertyPath: m_LocalPosition.x
      value: 806.280029
      objectReference: {fileID: 0}
    - target: {fileID: 400000, guid: cb453e2bf23037e4a9547b9dcc433aba, type: 3}
      propertyPath: m_LocalPosition.y
      value: .560000002
      objectReference: {fileID: 0}
    - target: {fileID: 400000, guid: cb453e2bf23037e4a9547b9dcc433aba, type: 3}
      propertyPath: m_LocalPosition.z
      value: 930.429993
      objectReference: {fileID: 0}
    - target: {fileID: 400000, guid: cb453e2bf23037e4a9547b9dcc433aba, type: 3}
      propertyPath: m_LocalRotation.x
      value: -.707106829
      objectReference: {fileID: 0}
    - target: {fileID: 400000, guid: cb453e2bf23037e4a9547b9dcc433aba, type: 3}
      propertyPath: m_LocalRotation.y
      value: 0
      objectReference: {fileID: 0}
    - target: {fileID: 400000, guid: cb453e2bf23037e4a9547b9dcc433aba, type: 3}
      propertyPath: m_LocalRotation.z
      value: -0
      objectReference: {fileID: 0}
    - target: {fileID: 400000, guid: cb453e2bf23037e4a9547b9dcc433aba, type: 3}
      propertyPath: m_LocalRotation.w
      value: .707106829
      objectReference: {fileID: 0}
    - target: {fileID: 400000, guid: cb453e2bf23037e4a9547b9dcc433aba, type: 3}
      propertyPath: m_RootOrder
      value: 2
      objectReference: {fileID: 0}
    - target: {fileID: 100000, guid: cb453e2bf23037e4a9547b9dcc433aba, type: 3}
      propertyPath: m_StaticEditorFlags
      value: 4294967295
      objectReference: {fileID: 0}
    m_RemovedComponents:
    - {fileID: 9500000, guid: cb453e2bf23037e4a9547b9dcc433aba, type: 3}
  m_ParentPrefab: {fileID: 100100000, guid: cb453e2bf23037e4a9547b9dcc433aba, type: 3}
  m_RootGameObject: {fileID: 299539250}
  m_IsPrefabParent: 0
--- !u!1 &2093602707
GameObject:
  m_ObjectHideFlags: 0
  m_PrefabParentObject: {fileID: 100000, guid: f460e49411cc6014e8a65a520438caa6, type: 3}
  m_PrefabInternal: {fileID: 1114869246}
  serializedVersion: 5
  m_Component:
  - component: {fileID: 2093602710}
  - component: {fileID: 2093602709}
  - component: {fileID: 2093602708}
  m_Layer: 0
  m_Name: TEM_2
  m_TagString: Untagged
  m_Icon: {fileID: 0}
  m_NavMeshLayer: 0
  m_StaticEditorFlags: 4294967295
  m_IsActive: 1
--- !u!23 &2093602708
MeshRenderer:
  m_ObjectHideFlags: 0
  m_PrefabParentObject: {fileID: 2300000, guid: f460e49411cc6014e8a65a520438caa6,
    type: 3}
  m_PrefabInternal: {fileID: 1114869246}
  m_GameObject: {fileID: 2093602707}
  m_Enabled: 1
  m_CastShadows: 1
  m_ReceiveShadows: 1
  m_MotionVectors: 1
  m_LightProbeUsage: 1
  m_ReflectionProbeUsage: 1
  m_Materials:
  - {fileID: 2100000, guid: 2b250ade4d60bb843a6d3bfc16861c86, type: 2}
  m_StaticBatchInfo:
    firstSubMesh: 0
    subMeshCount: 0
  m_StaticBatchRoot: {fileID: 0}
  m_ProbeAnchor: {fileID: 0}
  m_LightProbeVolumeOverride: {fileID: 0}
  m_ScaleInLightmap: 1
  m_PreserveUVs: 0
  m_IgnoreNormalsForChartDetection: 0
  m_ImportantGI: 0
  m_SelectedEditorRenderState: 3
  m_MinimumChartSize: 4
  m_AutoUVMaxDistance: 0.5
  m_AutoUVMaxAngle: 89
  m_LightmapParameters: {fileID: 0}
  m_SortingLayerID: 0
  m_SortingLayer: 0
  m_SortingOrder: 0
--- !u!33 &2093602709
MeshFilter:
  m_ObjectHideFlags: 0
  m_PrefabParentObject: {fileID: 3300000, guid: f460e49411cc6014e8a65a520438caa6,
    type: 3}
  m_PrefabInternal: {fileID: 1114869246}
  m_GameObject: {fileID: 2093602707}
  m_Mesh: {fileID: 4300000, guid: f460e49411cc6014e8a65a520438caa6, type: 3}
--- !u!4 &2093602710
Transform:
  m_ObjectHideFlags: 0
  m_PrefabParentObject: {fileID: 400000, guid: f460e49411cc6014e8a65a520438caa6, type: 3}
  m_PrefabInternal: {fileID: 1114869246}
  m_GameObject: {fileID: 2093602707}
  m_LocalRotation: {x: -0.7071068, y: 0, z: -0, w: 0.7071068}
  m_LocalPosition: {x: 806.28, y: 0.92, z: 969.72}
  m_LocalScale: {x: 1, y: 1, z: 1}
  m_Children: []
  m_Father: {fileID: 0}
  m_RootOrder: 1
  m_LocalEulerAnglesHint: {x: 0, y: 0, z: 0}
--- !u!1 &2143783462
GameObject:
  m_ObjectHideFlags: 0
  m_PrefabParentObject: {fileID: 100000, guid: cb453e2bf23037e4a9547b9dcc433aba, type: 3}
  m_PrefabInternal: {fileID: 62155301}
  serializedVersion: 5
  m_Component:
  - component: {fileID: 2143783465}
  - component: {fileID: 2143783464}
  - component: {fileID: 2143783463}
  m_Layer: 0
  m_Name: demo_rails
  m_TagString: Untagged
  m_Icon: {fileID: 0}
  m_NavMeshLayer: 0
  m_StaticEditorFlags: 4294967295
  m_IsActive: 1
--- !u!23 &2143783463
MeshRenderer:
  m_ObjectHideFlags: 0
  m_PrefabParentObject: {fileID: 2300000, guid: cb453e2bf23037e4a9547b9dcc433aba,
    type: 3}
  m_PrefabInternal: {fileID: 62155301}
  m_GameObject: {fileID: 2143783462}
  m_Enabled: 1
  m_CastShadows: 1
  m_ReceiveShadows: 1
  m_MotionVectors: 1
  m_LightProbeUsage: 1
  m_ReflectionProbeUsage: 1
  m_Materials:
  - {fileID: 2100000, guid: 5b77408e2a6da00428a263df974d29dc, type: 2}
  m_StaticBatchInfo:
    firstSubMesh: 0
    subMeshCount: 0
  m_StaticBatchRoot: {fileID: 0}
  m_ProbeAnchor: {fileID: 0}
  m_LightProbeVolumeOverride: {fileID: 0}
  m_ScaleInLightmap: 1
  m_PreserveUVs: 0
  m_IgnoreNormalsForChartDetection: 0
  m_ImportantGI: 0
  m_SelectedEditorRenderState: 3
  m_MinimumChartSize: 4
  m_AutoUVMaxDistance: 0.5
  m_AutoUVMaxAngle: 89
  m_LightmapParameters: {fileID: 0}
  m_SortingLayerID: 0
  m_SortingLayer: 0
  m_SortingOrder: 0
--- !u!33 &2143783464
MeshFilter:
  m_ObjectHideFlags: 0
  m_PrefabParentObject: {fileID: 3300000, guid: cb453e2bf23037e4a9547b9dcc433aba,
    type: 3}
  m_PrefabInternal: {fileID: 62155301}
  m_GameObject: {fileID: 2143783462}
  m_Mesh: {fileID: 4300000, guid: cb453e2bf23037e4a9547b9dcc433aba, type: 3}
--- !u!4 &2143783465
Transform:
  m_ObjectHideFlags: 0
  m_PrefabParentObject: {fileID: 400000, guid: cb453e2bf23037e4a9547b9dcc433aba, type: 3}
  m_PrefabInternal: {fileID: 62155301}
  m_GameObject: {fileID: 2143783462}
  m_LocalRotation: {x: -0.7071068, y: 0, z: -0, w: 0.7071068}
  m_LocalPosition: {x: 806.28, y: 0.56, z: 1057.05}
  m_LocalScale: {x: 1, y: 1, z: 1}
  m_Children: []
  m_Father: {fileID: 1496770970}
  m_RootOrder: 7
  m_LocalEulerAnglesHint: {x: 0, y: 0, z: 0}
